4559 5560
2243 1491 2402 1782 ’Τ
2411 1503 2537 1738 2
2580 1453 2777 1814 ”fg

2245 1640 2439 1904 's
2624 1791 2629 1798 ,

1439 1941 1604 2056 De
1673 1938 2309 2080 tetralogiis
2381 1938 3097 2079 Antiphontis

1925 2113 2608 2233 Rhamnusii.
2742 2224 2753 2232 .
2884 2227 2889 2234 .

560 2477 936 2617 Sexaginta
981 2531 1300 2596 orationes
1347 2530 1760 2616 Antiphontis
1806 2527 2173 2595 Rhamnusii
2219 2528 2617 2596 circumlatas
2664 2549 2807 2596 esse
2850 2529 2917 2596 in
2956 2531 3091 2596 vita
3144 2533 3279 2597 eius
3310 2529 3653 2599 Plutarcho
3698 2535 3975 2620 ascripta

553 2641 838 2725 legimus,
897 2659 978 2704 ex
1032 2639 1258 2722 quibus
1313 2637 1540 2722 viginti
1591 2636 1868 2720 quinque
1914 2633 2228 2702 Caecilius
2275 2633 2638 2700 Calactinus
2694 2635 3064 2703 subditicias
3121 2657 3263 2704 esse
3318 2637 3481 2703 dixit
3525 2635 3859 2724 (φέρονται
3905 2637 3977 2704 δὲ

551 2749 667 2813 τοῦ
727 2741 1004 2835 ῥήτορος
1067 2739 1248 2826 λόγοι
1305 2740 1380 2825 ξ’,
1445 2727 1532 2810 ὧν
1609 2743 2182 2827 κατεψευσμένους
2242 2739 2413 2829 φησὶ
2470 2741 2806 2816 Καικίλιος
2861 2729 3029 2807 εἶναι
3090 2737 3241 2819 τούς
3299 2743 3422 2831 κέ).
3536 2744 3670 2811 Iam
3726 2745 3806 2811 de
3862 2747 3973 2828 eis,

556 2874 718 2939 quae
775 2848 856 2919 ad
911 2864 1188 2919 nostram
1243 2860 1517 2917 aetatem
1562 2858 2012 2937 pervenerunt,
2069 2850 2461 2916 orationibus
2506 2868 2735 2945 magna
2778 2850 2889 2916 est‘
2921 2850 3090 2917 inter
3132 2850 3415 2919 homines
3462 2852 3683 2919 doctos
3732 2861 3973 2919 contro-

554 2962 781 3027 versia.
882 2964 980 3025 Ac
1033 2960 1296 3046 primum
1351 2958 1604 3041 quidem
1651 2954 1896 3021 lonsius
1942 2974 2158 3021 omnes
2203 2956 2529 3022 orationes
2568 2956 2685 3021 snb
2732 2957 3144 3051 Antiphontis
3188 2960 3439 3025 nomine
3482 2959 3665 3025 nobis
3710 2958 3977 3024 traditas

555 3068 784 3151 viginti
829 3068 1103 3149 quinque
1155 3066 1304 3145 illis,
1375 3084 1530 3149 quas
1567 3062 1891 3128 'Caecilius
1948 3062 2194 3148 spurias
2240 3083 2385 3128 esse
2410 3072 2415 3079 '
2438 3062 2685 3142 statuit,
2750 3064 3255 3131 adnumerandas
3309 3074 3450 3131 esse
3496 3062 3619 3131 sibi
3662 3066 3980 3151 persuasit

559 3181 628 3239 et
695 3164 1106 3238 scholasticas
1174 3182 1364 3255 atque
1429 3172 1612 3235 fictas
1682 3169 2175 3235 declamationes
2226 3170 2492 3256 putavit.
2586 3167 2867 3235 Saeculo·
2907 3179 3053 3256 post
3094 3168 3511 3237 Ruhnkenius
3565 3190 3779 3238 omnes
3811 3180 3979 3256 'quas

557 3280 858 3344 habemus
903 3278 1224 3345 orationes
1256 3278 1668 3364 Antiphontis
1716 3296 1857 3342 esse
1904 3278 2244 3343 contendit·
2279 3278 2463 3341 nixus
2508 3277 2899 3362 potissimum
2939 3278 3201 3346 vocibus
3232 3288 3301 3345 et
3330 3279 3654 3345 vocabulis
3685 3302 3725 3345 a
3753 3276 3982 3345 lexico-

558 3386 818 3471 graphis
865 3407 944 3451 ex
991 3387 1386 3472 Antiphonte
1433 3385 1780 3470 excerptis;
1830 3383 1998 3467 quod
2043 3384 2340 3449 iudicium
2386 3383 2716 3448 Maetzner
2759 3383 2824 3447 in
2868 3385 3225 3450 universum
3270 3386 3585 3473 probavit,
3644 3386 3767 3449 nisi
3813 3386 3981 3467 quod

560 3494 642 3558 de
686 3488 890 3579 prima
931 3494 1216 3558 oratione
1261 3492 1612 3558 dubitabat.
1712 3494 1802 3557 At
1847 3490 2317 3556 Schoemannus
2374 3492 2482 3574 qui
2536 3490 2670 3556 eius
2730 3490 3071 3556 editionem
3114 3493 3436 3557 recensuit
3480 3490 3720 3577 (annal.
3766 3490 3979 3557 Berol.

565 3599 757 3667 1839.
851 3594 914 3663 ΙΙ
960 3620 1026 3685 p.
1071 3593 1234 3681 482)
1281 3590 1548 3683 primam
1587 3599 1932 3663 orationem
1982 3605 2049 3661 et
2089 3597 2463 3681 tetralogias
2510 3616 2665 3680 quas
2704 3616 2997 3663 vocamus
3028 3598 3109 3661 ab
3142 3596 3537 3683 Antiphonte
3569 3598 3979 3680 abiudicavit,

559 3708 651 3771 ita
688 3716 766 3771 nt
809 3714 1180 3790 argumenta
1223 3711 1348 3769 non
1393 3703 1665 3770 afferret.
1759 3700 1943 3780 Quod
1989 3702 2408 3769 Schoemanni
2460 3704 2757 3769 indicium
2800 3704 3133 3789 amplexus
3156 3702 3416 3770 Pani-ius
3448 3704 3833 3791 argumentis
3883 3704 3977 3769 fir-

560 3832 730 3879 mare
777 3811 1018 3879 studuit
1065 3810 1311 3897 (Pahle,
1359 3809 1464 3877 die
1493 3808 1719 3877 Reden
1765 3812 1880 3876 des
1915 3798 2259 3896 Antiphon.
2347 3810 2509 3875 Eine
2538 3810 2847 3876 kritische
2892 3806 3406 3895 Untersuchung.
3483 3810 3682 3877 Jever
3732 3809 3972 3895 1860).

561 3917 790 4002 Neque
831 3929 1040 3985 tamen
1083 3919 1154 3982 id
1200 3916 1369 4001 quod
1413 3917 1612 3983 voluit
1657 3918 1898 3999 effecit3
1947 3936 2090 3981 nam
2136 3936 2343 4000 neque
2388 3916 2670 3981 Blassius
2718 3936 2922 4001 neque
2966 3916 3414 3999 Jemstedtius‚
3464 3918 3571 4001 qui
3616 3927 3983 4002 argumenta

562 4024 696 4090 eius
766 4026 1032 4111 puerilia
1090 4032 1280 4089 vocat
1321 4021 1587 4109 (Jernst.
1639 4026 1708 4088 in
1753 4023 1950 4110 praef.
1999 4023 2100 4087 ed.
2139 4044 2212 4109 p.
2260 4022 2581 4087 XXXIX.
2627 4024 2770 4091 adn.
2818 4022 2951 4109 27),
3008 4024 3069 4089 ei
3124 4024 3366 4089 assensi
3421 4035 3586 4091 sunt.
3680 4028 3979 4089 Attamen

563 4150 918 4215 quanquam
932 4130 1230 4212 Blassiu8‚
1255 4128 1300 4194 J
1301 4130 1706 4211 ernstedtius,
1731 4130 1996 4196 Bothius
2021 4126 2934 4215 (deAntiphontisRhamnusii
2950 4130 3324 4216 tetralogiis.
3356 4128 3981 4216 Oldenbnrg187ss.),

564 4236 670 4320 qui
717 4237 798 4301 de
843 4237 964 4301 hac
1008 4256 1080 4300 re
1123 4237 1320 4301 verba
1373 4236 1677 4319 fecerunt,
1725 4236 2092 4320 teti-alogias
2132 4236 2216 4299 ab
2247 4234 2643 4321 Antiphonte
2688 4237 3140 4303 abiudicandas
3195 4256 3337 4303 esse
3390 4248 3644 4321 negant,
3716 4237 3984 4303 fex-:asse

562 4362 690 4408 non
739 4343 965 4407 inutile
1009 4342 1266 4407 videtur
1306 4362 1448 4408 esse
1491 4364 1705 4409 rursus
1752 4344 1817 4407 in
1863 4344 2027 4407 hanc
2071 4361 2203 4406 rem
2258 4330 2597 4424 inquirere,
2669 4343 2959 4426 quoniam
3012 4345 3371 4429 nuperrime
3416 4343 3540 4437 duo
3585 4344 3704 4407 viri
3758 4343 3985 4408 doctis-

562 4448 722 4529 simi.
771 4450 877 4532 qui
910 4448 1115 4513 Pahlii
1161 4449 1386 4513 librum
1420 4468 1546 4514 non
1575 4458 1905 4529 nov-erunt,
1952 4448 2036 4514 ad
2065 4448 2333 4513 eandem
2376 4448 2757 4513 sententiam
2799 4460 3255 4533 pervenerunt:
3304 4448 3799 4515 Herwerdenum
3842 4450 3985 4515 dico
4033 4478 4037 4483 -

565 4565 638 4621 et·
662 4556 742 4620 Di
750 4557 1234 4639 ttenbergerum3
1281 4573 1542 4639 quorum
1573 4555 1738 4621 alter
1781 4555 2017 4620 indicia
2060 4555 2127 4618 in
2175 4570 2464 4619 sermone
2503 4554 2869 4640 repperisse
2908 4574 2981 4620 se
3008 4564 3211 4640 putat,
3256 4556 3427 4621 unde
3456 4555 3827 4641 teti-alogias
3860 4576 3987 4621 non

565 4662 817 4727 saeculo
875 4663 1092 4745 quinto
1139 4682 1196 4726 a.
1243 4659 1392 4726 chr.
1440 4684 1479 4726 a
1523 4678 1826 4747 germane
1865 4662 2182 4747 scriptore
2227 4661 2465 4741 Atticm
2538 4662 2650 4727 sed
2719 4662 3075 4746 posteriore
3140 4672 3353 4727 aetate
3422 4666 3505 4729 ab
3558 4664 3808 4730 homine
3864 4684 3987 4729 ser·

565 4768 768 4834 monis
800 4768 1000 4835 Attici
1047 4768 1300 4833 minime
1342 4768 1553 4854 perito
1597 4786 1738 4833 esse
1765 4768 2177 4853 conscriptas
2223 4776 2533 4852 appareat
2562 4765 2898 4853 (Mnemos.
2944 4789 3009 4833 n.
3056 4787 3109 4833 s.
3141 4767 3289 4834 vell.
3320 4767 3440 4836 IX.
3485 4790 3547 4857 p.
3597 4768 3777 4856 203),
3826 4770 3989 4835 alter

565 4875 648 4939 ad
740 4874 1240 4940 Herwerdenum
1335 4890 1686 4960 provocans
1777 4872 2146 4957 ten-alogias
2259 4880 2527 4959 propter
2612 4892 2716 4938 res
2806 4874 3131 4958 quasdam,
3224 4892 3386 4958 quae
3476 4882 3830 4941 tractantur
3917 4877 3981 4941 in

565 4980 663 5061 iis,
785 4981 1032 5067 spurias
1149 4996 1294 5046 esse
1413 4980 1744 5046 contendit
1859 4977 2106 5065 (Herm.
2220 4979 2350 5046 voi.
2463 4978 2628 5045 XVI
2743 5002 2804 5067 p.
2917 4978 3099 5065 3211).
3169 4996 3177 5004 ’
3233 4980 3391 5048 Post
3489 4978 3988 5047 Herwerdenum

566 5086 950 5153 Hartmanus
1041 5085 1297 5173 (Studia
1395 5087 1848 5173 Antiphontea‚
1931 5084 2243 5171 Lugduni
2333 5086 2716 5153 Batavorum
2813 5085 3013 5172 1882)
3086 5086 3389 5154 nonnulla
3478 5090 3562 5153 e'x
3634 5087 3989 5173 teti-elogiis

2241 5197 2711 5321 456912
