4559 5560
2107 443 2198 459 ....
2271 413 2352 476 11
2424 442 2514 458 ...-

577 625 762 708 dixit,
899 639 1064 706 quae
1193 622 1264 689 in
1393 623 1586 690 rebus
1720 622 2008 690 tractatis
2143 621 2475 688 offensioni
2582 621 2729 704 sint,
2862 621 2991 708 ipsi
3098 621 3383 708 reperire
3494 626 3567 687 et
3684 621 4009 708 explicare

578 731 958 800 studeamus.
2726 751 2743 782 ·-
3250 771 3265 780 -
3468 753 3475 764 ·

897 836 999 902 Ac
1045 835 1312 921 primum
1355 835 1628 919 quidem,
1676 855 1840 918 quae
1881 836 1984 900 vir
2023 835 2138 900 ille
2182 833 2585 902 doctissimus
2630 835 2915 922 protulit,
2972 833 3066 900 -ad
3110 834 3460 902 sententias
3506 841 3575 901 et
3617 841 4007 920 argumenta,

578 964 740 1028 quae
785 944 854 1008 in
915 942 1270 1028 tetralogiis
1325 942 1746 1028 proferuntur,
1817 941 2038 1007 referri
2107 961 2297 1028 posse
2352 941 2579 1026 aliquis
2626 943 2748 1008 sibi
2792 942 3198 1029 persuaserit.
3290 940 3769 1008 Perscrutemur
3812 942 4009 1026 igitur

577 1050 950 1134 teti-alogias
997 1057 1066 1116 et
1107 1049 1510 1132 inquiramus,
1557 1069 1706 1114 num
1749 1048 2018 1114 fortasse
2063 1048 2132 1114 in
2177 1048 2258 1114 iis
2300 1049 2499 1116 insint
2542 1049 2899 1114 sententiae
2948 1055 3017 1114 et
3062 1053 3451 1133 argumenta,
3498 1067 3661 1132 quae
3706 1050 3787 1113 ab
3832 1049 4017 1114 Anti·

575 1158 815 1244 phonte
838 1157 1243 1225 abhorreant.
1315 1154 1448 1222 Sed
1481 1155 1650 1222 haud
1681 1156 1814 1222 scio
1845 1177 1928 1222 an
1958 1155 2421 1239 Dittenberger
2446 1157 2643 1221 etiam
2663 1155 2837 1221 aliud
2856 1153 3221 1239 significare
3236 1154 3529 1222 voluerit.
3599 1153 4010 1241 Comparanti

577 1264 744 1331 enim
791 1261 1162 1347 tetralogias
1221 1281 1360 1328 cum
1413 1263 1648 1330 ceteris
1693 1262 2082 1328 orationibus
2127 1261 2545 1348 Antiphontis
2590 1263 2812 1330 mirum
2854 1262 3061 1328 videri
3103 1270 3340 1348 potest,
3388 1261 3556 1346 quod
3602 1263 3883 1328 narratio
3929 1263 4011 1327 ab

577 1369 934 1455 tetralogiis
978 1387 1236 1454 prorsus
1282 1369 1486 1434 abest.
1579 1367 1738 1435 Cum
1781 1369 1950 1434 enim
1979 1368 2309 1454 Antiphon
2350 1367 2419 1434 in
2458 1369 2677 1452 quinta
2710 1379 2777 1434 et
2806 1377 2991 1434 sexta
3020 1368 3307 1436 oratione
3336 1369 3502 1434 hanc
3532 1367 4011 1455 dispositionem

577 1484 816 1558 teneat,
886 1483 956 1542 ut
1016 1475 1096 1556 ei,
1167 1475 1276 1558 qui
1341 1475 1580 1558 dicunt,
1645 1477 1910 1562 primum
1981 1477 2049 1540 in
2104 1475 2369 1540 exordio
2428 1474 2670 1542 iudices
2716 1476 2799 1541 de
2838 1497 3051 1548 rerum
3093 1483 3265 1540 statu
3311 1475 3616 1540 certiores
3660 1473 3899 1540 faciant
3945 1484 4013 1542 et

577 1585 818 1652 animos
864 1601 1076 1648 eorum
1122 1581 1246 1646 sibi
1293 1581 1632 1648 conciliare
1696 1582 2014 1664 studeant,
2087 1581 2319 1647 deiude
2380 1582 2449 1646 in
2495 1583 3015 1668 προκατασκευῇ,
3085 1602 3249 1665 quae
3294 1581 3710 1669 Antiphontis
3756 1583 4016 1667 propria

579 1699 680 1758 est
721 1709 1097 1776 semperque
1155 1688 1483 1754 exordium
1546 1690 1834 1773 sequitur
1874 1687 2168 1774 (Dionys.
2213 1687 2298 1753 de
2341 1686 2429 1754 Is.
2476 1709 2535 1754 c.
2589 1686 2720 1772 15),
2792 1695 3134 1773 exponant,
3206 1709 3393 1772 quam
3458 1687 3892 1775 imprudenter
3947 1696 4014 1754 et

573 1799 806 1864 iniuste
851 1801 1256 1862 accusatores
1301 1794 1482 1880 leges
1529 1804 1596 1861 et
1639 1796 1930 1862 instituta
1973 1796 2276 1860 maiorum
2331 1795 2711 1860 violaverint
2763 1793 2887 1876 vel,
2957 1803 3029 1860 ut
3085 1795 3149 1859 in
3197 1795 3401 1883 prima
3445 1797 3752 1878 oratione,
3822 1816 4015 1880 quam

577 1925 772 1990 saepe
815 1923 1094 1970 noverea
1135 1903 1259 1967 iam
1305 1909 1494 1968 antea
1537 1903 1826 1968 maritum
1871 1921 2118 1968 veneno
2163 1901 2529 1968 interimere
2574 1910 2802 1966 conata
2846 1902 2951 1982 sit,
2998 1909 3130 1966 tum
3175 1901 3243 1968 in
3285 1902 3649 1968 narratione
3678 1921 3783 1968 res
3814 1903 4011 1989 ipsas,

574 2009 888 2096 quomodo
935 2009 1304 2091 acciderint,
1363 2017 1514 2074 ante
1558 2011 1774 2076 oculos
1818 2017 2080 2095 ponant,
2141 2016 2463 2094 postremo
2517 2009 2921 2092 argumentis,
2980 2007 3207 2091 quibus
3253 2010 3654 2074 adversarius
3700 2010 4009 2092 vincatur,

574 2117 786 2184 allatis
831 2117 897 2184 in
943 2116 1196 2202 epilogo
1241 2117 1484 2181 iudices
1545 2116 1944 2196 admoneant,
2007 2123 2080 2180 ut
2123 2122 2194 2180 et
2236 2113 2484 2198 legibus
2530 2122 2597 2179 et
2640 2114 3027 2180 iuriiurando
3075 2115 3421 2180 oboediant
3464 2137 3671 2200 neque
3716 2116 4009 2182 innocen-

575 2233 711 2292 tem
751 2245 868 2312 pro
913 2224 1103 2288 noxio
1147 2241 1388 2308 poenas
1435 2221 1588 2287 dare
1631 2222 1974 2308 patiantur,
2025 2255 2108 2270 -
2157 2241 2297 2287 cum
2340 2221 2537 2305 igitur
2580 2220 2741 2288 haec
2784 2222 2873 2286 sit
2912 2241 3123 2287 rerum
3154 2222 3508 2308 dispositio,
3555 2223 3621 2286 in
3652 2223 4009 2307 tetralogiis

574 2332 750 2400 nulla
789 2329 1091 2409 nan-atie,
1145 2328 1319 2394 nulla
1363 2323 1887 2415 προκατασκευῆ,
1935 2347 2130 2413 saepe
2173 2349 2259 2392 ne
2302 2327 2629 2396 exordium
2674 2328 2928 2410 quidem
2972 2329 3309 2410 invenitur,
3359 2337 3727 2414 argumenta
3766 2337 4010 2396 tantum

575 2439 643 2520 ii,
711 2457 870 2522 quos
937 2437 1136 2501 verba
1201 2433 1507 2500 facientes
1568 2433 1754 2517 fingit
1811 2441 2042 2515 orator,
2116 2432 2448 2520 proferunt
2494 2441 2561 2498 et
2605 2435 2858 2520 epilogo
2904 2435 3149 2520 vulgari
3197 2442 3475 2502 utuntur.
3570 2435 3751 2502 Haec
3798 2444 4010 2502 autem

579 2543 1041 2625 dissimilitudO,
1103 2563 1266 2626 quae
1310 2541 1482 2606 inter
1523 2539 1897 2624 tetralogias
1945 2548 2014 2605 et
2057 2539 2335 2623 reliquas
2382 2541 2702 2606 orationes
2744 2541 3105 2624 intercedit,
3164 2541 3369 2607 facilis
3415 2549 3517 2607 est
3560 2543 3645 2608 ad
3688 2543 4010 2630 explican-

581 2653 748 2720 dum.
863 2649 938 2714 In
983 2648 1338 2732 teti-elogiis
1387 2648 1554 2712 enim
1613 2655 1830 2712 orator
1871 2648 2125 2713 omnino
2171 2667 2431 2734 operam
2474 2647 2541 2714 in
2586 2647 2952 2715 inventione
2998 2659 3065 2713 et
3109 2649 3671 2734 argumentatione,
3734 2670 3894 2734 quae
3942 2652 4009 2715 in

579 2759 748 2827 omni
793 2777 984 2825 causa
1027 2755 1264 2823 forensi
1307 2755 1574 2842 primum
1617 2753 1824 2820 locum
1881 2753 1940 2820 ei
1999 2755 2290 2821 obtinere
2356 2755 2713 2837 videbatur,
2785 2755 3142 2838 collocavit,
3216 2757 3658 2838 narrationem,
3734 2758 3834 2823 cui
3879 2777 4007 2823 non

579 2875 821 2933 tantam
864 2865 990 2929 vim
1038 2864 1374 2944 tribuebat,
1447 2863 1670 2928 omisit.
1762 2862 1987 2945 Neque
2031 2884 2192 2950 opus
2237 2872 2377 2929 erat
2421 2864 2807 2947 narratione3
2874 2881 3023 2929 nam
3076 2865 3143 2928 in
3188 2862 3541 2948 tetralogiis
3582 2864 3699 2929 illa
3746 2864 3828 2929 de
3884 2884 4009 2949 qua

579 2974 790 3057 agitur
819 2990 1028 3053 causa,
1075 2971 1222 3054 quia
1251 2970 1433 3034 binas
1465 2969 1882 3051 defensiones,
1929 2970 2112 3035 binas
2137 2971 2573 3038 accusationes
2596 2972 2915 3053 habemus,
2964 2992 3171 3055 neque
3192 2972 3376 3035 nobis
3400 2990 3609 3054 neque
3634 2970 3730 3053 iis,
3780 2972 4005 3055 quibus

581 3086 796 3145 orator
838 3078 998 3144 haec
1043 3077 1319 3161 scripsit,
1375 3076 1506 3141 ulla
1547 3079 1616 3141 in
1661 3098 1732 3142 re
1779 3077 1969 3142 dubia
2011 3077 2118 3143 vel
2163 3077 2434 3143 obscura
2478 3096 2621 3142 esse
2662 3086 2893 3163 potest.
2984 3076 3241 3164 Optime
3285 3078 3480 3163 igitur
3526 3079 3823 3144 convenit
3868 3099 4007 3145 cum

581 3184 800 3253 indole
843 3190 1034 3267 atque
1078 3192 1304 3248 natura
1349 3184 1780 3269 AntiphontiS,
1852 3184 2022 3267 quod
2066 3185 2506 3266 narrationem,
2564 3204 2751 3268 quam
2795 3184 3131 3267 unicuique
3175 3186 3243 3249 in
3286 3184 3422 3250 foro
3468 3184 3633 3250 ultro
3680 3205 3750 3249 se
3782 3186 4007 3251 offerre

581 3305 970 3378 persuasum,
993 3290 1290 3372 habebat,
1353 3289 1458 3354 hic
1515 3292 1764 3356 omnino
1811 3292 2043 3358 omisit.
2132 3288 2499 3374 Quanquam
2546 3293 2711 3356 enim
2755 3291 2821 3354 in
2876 3290 3284 3372 orationibus,
3344 3309 3508 3374 quae
3553 3292 3724 3375 apud
3767 3292 4009 3358 iudices

583 3397 840 3467 habitae
895 3405 1060 3479 sunt,
1129 3396 1554 3462 narrationem
1606 3416 1864 3481 prorsus
1911 3399 2205 3463 omittere
2249 3416 2377 3463 non
2432 3398 2659 3483 potuit,
2730 3406 2940 3463 tamen
2985 3396 3181 3463 multo
3222 3397 3467 3463 minore
3512 3396 3841 3482 diligentia
3887 3399 4012 3465 ela-

583 3507 812 3571 borata
863 3512 982 3569 est.
1094 3503 1171 3567 ln
1225 3524 1305 3569 ea
1349 3513 1558 3569 autem
1603 3504 1904 3569 orationis
1959 3512 2162 3589 parte,
2237 3524 2422 3586 quam
2462 3504 2941 3569 ‘exercitatione
2985 3504 3240 3587 dignam
3285 3505 3366 3569 ab
3413 3524 3491 3569 eo
3536 3503 3817 3569 habitam
3862 3524 4005 3572 esse

585 3611 940 3695 tetralogiis
985 3617 1270 3695 apparet,
1319 3629 1570 3695 semper
1614 3629 1850 3675 summa
1893 3610 2246 3694 sagacitate
2294 3620 2483 3695 atque
2528 3610 2881 3676 subtilitate
2926 3630 3073 3676 usus
3119 3622 3238 3691 est,
3284 3612 3349 3677 id
3398 3612 3566 3694 quod
3613 3613 3803 3678 etiam
3834 3621 4004 3679 vete·

583 3738 688 3783 res
755 3717 1016 3783 tradunt
1061 3714 1200 3801 (vit.
1248 3720 1398 3780 Ant.
1447 3737 1510 3800 p.
1558 3714 1864 3781 XXXIV.
1920 3717 2214 3782 editionis
2261 3716 2656 3783 Blassianae:
2738 3714 2876 3781 ἔστι,
2931 3717 2983 3780 δ’
3032 3711 3101 3781 ἐν
3145 3724 3277 3791 τοῖς
3320 3712 3535 3797 λόγοις
3580 3710 3856 3807 ἀκριβής
3901 3718 4011 3785 καὶ

693 3893 954 3964 logiarutn
989 3896 1178 3947 auctor
1210 3894 1267 3945 in
1305 3892 1482 3946 verbis
1517 3891 1900 3964 componendis
1935 3898 2152 3948 secutus
2189 3900 2287 3957 est,
2324 3894 2577 3962 offendit-3
2626 3896 2956 3949 demonstrat
2990 3896 3131 3949 enim
3166 3896 3268 3949 hac
3302 3896 3360 3948 in
3394 3910 3453 3948 re
3490 3910 3611 3950 cum
3650 3896 4009 3968 Antiphontis

693 3971 752 4019 et
783 3964 1116 4035 Thucydidis
1169 3963 1384 4019 dicendi
1437 3980 1628 4034 genere
1681 3966 1886 4035 optime
1939 3981 2233 4035 congruere
2278 3966 2590 4037 teti-alogias
2626 3967 2704 4037 (p.
2746 3964 2981 4031 11-17)
3016 3976 3075 4021 et
3110 3980 3187 4031 ea,
3233 3981 3369 4037 quae
3405 3980 3527 4021 cum
3562 3968 3757 4023 Attica
3792 3968 4007 4023 dicendi

693 4037 1077 4091 consuetudine
1113 4052 1219 4089 non
1257 4036 1577 4105 conspirant,
1615 4035 1684 4088 ad
1719 4042 1997 4106 poetarum
2033 4044 2128 4089 aut
2156 4032 2423 4091 Herodoti
2458 4054 2611 4091 usum
2647 4038 2918 4092 referenda
2954 4054 3070 4091 esse
3108 4038 3373 4091 concedit.
3445 4040 3702 4093 Attamen
3726 4039 4007 4095 vocabulis

693 4108 1027 4177 quibusdam,
1081 4122 1216 4175 quae
1271 4109 1328 4160 in
1385 4105 1687 4176 tetralogiis
1740 4108 2094 4171 inveniuntur,
2155 4112 2209 4161 in
2263 4109 2460 4161 ceteris
2495 4109 2851 4179 Antiphontis
2892 4110 3228 4163 orationibus
3262 4108 3643 4174 desiderantur,
3745 4126 4007 4181 nanquam

591 4210 624 4233 ..
667 4179 948 4245 „oceano
993 4195 1056 4231 ea
1101 4176 1392 4249 usurpandi
1445 4179 1663 4231 minime
1698 4177 1930 4243 deerat“,
1991 4184 2289 4233 commotus
2324 4182 2411 4232 est
2444 4178 2766 4243 Brueekaer,
2828 4188 2892 4233 ut
2924 4180 3237 4251 tetralogias
3257 4182 3469 4250 spurias
3504 4196 3622 4235 esse
3656 4180 3714 4234 iu
3751 4184 3921 4237 iceret
3956 4188 4013 4236 et

694 4249 910 4321 aequali
943 4250 1152 4303 cuidam
1193 4250 1274 4303 vel
1312 4248 1578 4319 discipulo
1605 4248 1974 4319 Antiphontis,
2013 4252 2197 4315 „cuius
2231 4250 2439 4319 scripta
2472 4266 2593 4304 cum
2629 4251 2871 4306 clarioris
2906 4254 3149 4322 mag-istri
3169 4254 3371 4306 sensim
3395 4252 3645 4306 eonius?
3682 4258 3877 4317 essent,
3917 4253 4010 4307 ad·

689 4323 972 4377 scriberet
1048 4318 1238 4390 Neque
1274 4337 1398 4375 vero
1436 4322 1552 4375 eius
1587 4322 1914 4389 argumentis
1948 4320 2198 4385 adducor,
2245 4326 2308 4373 ut
2344 4337 2460 4375 eam
2495 4325 2815 4377 sententiam
2852 4323 3087 4393 probem.
3160 4322 3415 4378 Dictione
3454 4322 3676 4378 elatiore
3711 4329 3771 4377 et
3808 4326 4010 4379 maiore

694 4392 1026 4447 sublimitate
1062 4396 1120 4445 et
1157 4393 1432 4447 verborum
1471 4394 1529 4445 et
1565 4393 1949 4447 sententiarum
1984 4397 2258 4447 auctorem
2293 4391 2691 4461 tetralogiarum
2728 4396 2807 4447 nu·
2848 4394 3153 4449 Brueekner
3184 4396 3487 4449 rectis-ine
3518 4394 3771 4449 concedit
3794 4393 3872 4466 (p.
3902 4393 4015 4464 17).

695 4462 842 4519 Num
876 4467 1053 4517 autem
1087 4461 1363 4533 aequalem
1400 4462 1482 4517 vel
1519 4461 1842 4534 discipulum
1879 4464 2250 4533 Antiphontis,
2287 4478 2443 4533 quem
2478 4464 2723 4533 magistri
2757 4465 2986 4533 vestigia
3016 4472 3261 4520 secutum
3298 4482 3417 4521 esse
3442 4467 3649 4530 statuit,
3684 4466 3873 4520 eodem
3898 4466 4010 4521 fere
4063 4495 4068 4500 ·

594 4594 604 4602 ‚
695 4542 950 4607 tempore,
987 4548 1093 4603 quo
1131 4535 1322 4602 Lysias
1357 4534 1553 4588 studiis
1588 4534 1872 4589 rhetoricis
1909 4550 2120 4605 operam
2155 4537 2391 4593 navavit.
2428 4534 2525 4589 illo
2561 4536 2776 4592 dicendi
2808 4550 3003 4605 genere
3042 4552 3193 4593 usum
3229 4554 3347 4593 esse
3382 4537 3527 4593 credi
3550 4532 3783 4607 potat?
3819 4536 3903 4599 Ea
3922 4554 4005 4592 ar-

695 4600 960 4677 gumenta,
1015 4620 1149 4673 quae
1186 4607 1268 4659 vir
1302 4603 1395 4659 ille
1430 4604 1771 4659 doctissimus
1808 4602 1885 4676 (p.
1927 4602 2160 4672 17-2‘1)
2197 4605 2438 4677 protulit,
2494 4622 2599 4679 uon
2654 4604 2927 4675 sufficiunt
2982 4606 3051 4660 ud
3086 4607 3143 4663 id
3179 4608 3662 4672 demonstrandum.
3742 4609 4008 4674 Quoniam

697 4679 746 4731 sl
854 4676 907 4731 la
961 4676 1064 4731 hoc
1117 4675 1238 4730 loco
1291 4681 1524 4731 tractare
1578 4676 1708 4729 mihi
1761 4692 1868 4730 non
1921 4676 2066 4743 lieet,
2119 4677 2179 4731 id
2251 4692 2440 4732 moneo
2494 4674 2653 4747 facile
2706 4676 2821 4733 fieri
2876 4692 3049 4748 posse.
3105 4683 3167 4731 ut
3219 4677 3360 4733 idem
3416 4678 3575 4738 homo
3634 4696 3739 4737 non
3796 4696 4005 4750 semper

629 4762 636 4771 ·
695 4749 740 4803 ii
801 4764 887 4802 em
923 4745 1202 4803 vocabulis
1237 4747 1304 4801 ad
1341 4747 1561 4801 eandem
1597 4749 1914 4803 sententiam
1951 4748 2341 4820 exprimendam
2378 4752 2577 4803 utatur.
2669 4742 2793 4804 Mea
2845 4746 3057 4820 quidem
3104 4752 3373 4805 sententia
3404 4749 3592 4822 multa,
3648 4754 3785 4823 quae
3820 4752 4009 4839 attulit

691 4836 1005 4891 Brueckner
1041 4863 1105 4877 ·-
1145 4835 1294 4891 velut
1336 4816 1442 4927 ἐκ·ρ
1455 4836 1784 4909 praepositio
1817 4852 1917 4909 pro
1961 4814 2120 4901 ὖπό,
2168 4816 2287 4883 ὀῦν
2330 4854 2430 4912 pro
2488 4814 2681 4913 με’ζᾶ,
2732 4816 2909 4899 ,τέήὲ
2976 4836 3273 4910 particulae
3306 4896 3311 4903 ,
3326 4854 3429 4909 pro
3486 4818 3717 4904 ’τὲ-καί,
3786 4824 3858 4889 δε
3908 4856 4009 4911 pro

699 4902 942 4995 ἔπειτα,
986 4902 1082 5010 ἔτι
1125 4908 1217 4989 δέ,
1263 4906 1374 4973 καὶ
1404 4928 1511 5011 ετι·
1537 4925 1782 4981 adhibit-
1835 4953 1900 4964 -
1947 4940 2063 5011 non
2111 4925 2276 4991 aliter
2308 4940 2415 5011 exp
2438 4928 2451 4941 '
2600 4932 3039 5013 ”amhn-ut
3082 4932 3159 4993 ¹11»
3177 4927 3733 5018 ,wi-tummim
3763 4933 3825 4983 et
3858 4933 4012 4984 sexta

698 4994 873 5051 oratio
909 5002 1112 5067 scripta
1145 4996 1236 5063 sit,
1271 4998 1340 5051 ab
1381 4996 1717 5069 Antiphoute
1752 4995 2065 5068 tetralogus
2100 5004 2427 5070 compoeitas
2464 5014 2581 5054 esse
2618 4998 2873 5057 dicamus.
3571 5041 3580 5049 .
3684 5018 3691 5027 ·
3780 5025 3795 5037 ν
