<?xml version="1.0" encoding="UTF-8"?>
<!DOCTYPE html PUBLIC "-//W3C//DTD XHTML 1.0 Transitional//EN"
    "http://www.w3.org/TR/xhtml1/DTD/xhtml1-transitional.dtd">
<html xmlns="http://www.w3.org/1999/xhtml" xml:lang="en" lang="en">
 <head>
  <title>
</title>
<meta http-equiv="Content-Type" content="text/html;charset=utf-8" />
  <meta name='ocr-system' content='tesseract 3.04.00' />
  <meta name='ocr-capabilities' content='ocr_page ocr_carea ocr_par ocr_line ocrx_word'/>
</head>
<body>
  <div class='ocr_page' id='page_1' title='image "./deantiphontisrh01brangoog_0023.png"; bbox 0 0 4559 5560; ppageno 0'>
   <div class='ocr_carea' id='block_1_1' title="bbox 2029 475 2687 598">
    <p class='ocr_par' dir='ltr' id='par_1_1' title="bbox 2029 475 2687 598">
     <span class='ocr_line' id='line_1_1' title="bbox 2029 475 2687 598; baseline -0.008 -85"><span class='ocrx_word' id='word_1_1' title='bbox 2029 563 2117 580; x_wconf 80' lang='lat'><strong>—</strong></span> <span class='ocrx_word' id='word_1_2' title='bbox 2187 529 2270 598; x_wconf 80' lang='grc'><strong>19</strong></span> <span class='ocrx_word' id='word_1_3' title='bbox 2327 475 2687 579; x_wconf 43' lang='lat' dir='ltr'><strong>“i-0⁸00„-</strong></span> 
     </span>
    </p>
   </div>
   <div class='ocr_carea' id='block_1_2' title="bbox 500 733 3921 1682">
    <p class='ocr_par' dir='ltr' id='par_1_2' title="bbox 500 733 3921 1682">
     <span class='ocr_line' id='line_1_2' title="bbox 503 733 3917 832; baseline -0.001 -20"><span class='ocrx_word' id='word_1_4' title='bbox 503 750 714 832; x_wconf 73' lang='grc' dir='ltr'><strong><em>βοῦσα</em></strong></span> <span class='ocrx_word' id='word_1_5' title='bbox 758 745 1163 830; x_wconf 73' lang='grc' dir='ltr'><strong>σωφρονίζει.</strong></span> <span class='ocrx_word' id='word_1_6' title='bbox 1256 741 1404 810; x_wconf 86' lang='grc' dir='ltr'><strong><em>Γα6</em></strong></span> <span class='ocrx_word' id='word_1_7' title='bbox 1449 793 1465 808; x_wconf 93' lang='grc'><strong>.</strong></span> <span class='ocrx_word' id='word_1_8' title='bbox 1517 791 1533 809; x_wconf 93' lang='grc'><strong>.</strong></span> <span class='ocrx_word' id='word_1_9' title='bbox 1583 792 1599 808; x_wconf 93' lang='grc'><strong>.</strong></span> <span class='ocrx_word' id='word_1_10' title='bbox 1645 737 1832 828; x_wconf 75' lang='grc' dir='ltr'><strong><em>ὕβρει</em></strong></span> <span class='ocrx_word' id='word_1_11' title='bbox 1875 741 1947 811; x_wconf 76' lang='grc' dir='ltr'><strong>δὲ</strong></span> <span class='ocrx_word' id='word_1_12' title='bbox 1992 741 2102 808; x_wconf 79' lang='grc' dir='ltr'><strong><em>καὶ</em></strong></span> <span class='ocrx_word' id='word_1_13' title='bbox 2148 735 2475 829; x_wconf 54' lang='lat' dir='ltr'><strong>&amp;od-actu</strong></span> <span class='ocrx_word' id='word_1_14' title='bbox 2504 741 2833 823; x_wconf 67' lang='grc' dir='ltr'><strong><em>παροινῶν</em></strong></span> <span class='ocrx_word' id='word_1_15' title='bbox 2862 741 2957 814; x_wconf 73' lang='grc' dir='ltr'><strong><em>εἰς</em></strong></span> <span class='ocrx_word' id='word_1_16' title='bbox 2984 733 3190 828; x_wconf 79' lang='grc' dir='ltr'><strong><em>ἄνδρα</em></strong></span> <span class='ocrx_word' id='word_1_17' title='bbox 3218 736 3619 828; x_wconf 69' lang='grc' dir='ltr'><strong><em>πρεσβύτην,</em></strong></span> <span class='ocrx_word' id='word_1_18' title='bbox 3660 735 3917 809; x_wconf 71' lang='grc' dir='ltr'><strong><em>τύπτον</em></strong></span> 
     </span>
     <span class='ocr_line' id='line_1_3' title="bbox 503 839 3918 938; baseline -0.001 -20"><span class='ocrx_word' id='word_1_19' title='bbox 503 875 574 920; x_wconf 87' lang='grc' dir='ltr'><strong><em>τε</em></strong></span> <span class='ocrx_word' id='word_1_20' title='bbox 615 852 727 918; x_wconf 68' lang='grc' dir='ltr'><strong>καὶ</strong></span> <span class='ocrx_word' id='word_1_21' title='bbox 773 852 1036 933; x_wconf 59' lang='lat' dir='ltr'><strong>marm,</strong></span> <span class='ocrx_word' id='word_1_22' title='bbox 1081 847 1202 922; x_wconf 76' lang='grc' dir='ltr'><strong>ἕως</strong></span> <span class='ocrx_word' id='word_1_23' title='bbox 1243 849 1352 938; x_wconf 66' lang='grc' dir='ltr'><strong><em>τῆς</em></strong></span> <span class='ocrx_word' id='word_1_24' title='bbox 1398 848 1619 938; x_wconf 73' lang='grc' dir='ltr'><strong><em>ψυχῆς</em></strong></span> <span class='ocrx_word' id='word_1_25' title='bbox 1661 839 2106 936; x_wconf 75' lang='grc' dir='ltr'><strong><em>ἅπεστέρησεν</em></strong></span> <span class='ocrx_word' id='word_1_26' title='bbox 2151 842 2375 929; x_wconf 64' lang='grc' dir='ltr'><strong><em>αὐτόν,</em></strong></span> <span class='ocrx_word' id='word_1_27' title='bbox 2422 845 2506 924; x_wconf 77' lang='grc' dir='ltr'><strong><em>ὥς</em></strong></span> <span class='ocrx_word' id='word_1_28' title='bbox 2550 844 2673 931; x_wconf 73' lang='grc' dir='ltr'><strong>μὲν</strong></span> <span class='ocrx_word' id='word_1_29' title='bbox 2700 844 2912 932; x_wconf 72' lang='grc' dir='ltr'><strong><em>φόνου</em></strong></span> <span class='ocrx_word' id='word_1_30' title='bbox 2940 853 3076 918; x_wconf 68' lang='grc' dir='ltr'><strong><em>τοῖς</em></strong></span> <span class='ocrx_word' id='word_1_31' title='bbox 3102 841 3445 929; x_wconf 66' lang='grc' dir='ltr'><strong><em>ἐπιτιμίοις</em></strong></span> <span class='ocrx_word' id='word_1_32' title='bbox 3470 841 3701 930; x_wconf 69' lang='grc' dir='ltr'><strong><em>ἔνοχός</em></strong></span> <span class='ocrx_word' id='word_1_33' title='bbox 3722 843 3918 916; x_wconf 59' lang='grc' dir='ltr'><strong>ἔσω.</strong></span> 
     </span>
     <span class='ocr_line' id='line_1_4' title="bbox 506 949 3917 1043; baseline -0.001 -17"><span class='ocrx_word' id='word_1_34' title='bbox 506 959 836 1028; x_wconf 69' lang='lat' dir='ltr'><strong>Meet-mer</strong></span> <span class='ocrx_word' id='word_1_35' title='bbox 895 957 979 1022; x_wconf 82' lang='lat' dir='ltr'><strong>ad</strong></span> <span class='ocrx_word' id='word_1_36' title='bbox 1035 956 1180 1024; x_wconf 72' lang='lat' dir='ltr'><strong>ras</strong></span> <span class='ocrx_word' id='word_1_37' title='bbox 1245 957 1408 1024; x_wconf 80' lang='lat' dir='ltr'><strong>haec</strong></span> <span class='ocrx_word' id='word_1_38' title='bbox 1472 956 1764 1023; x_wconf 82' lang='lat' dir='ltr'><strong>adnotat:</strong></span> <span class='ocrx_word' id='word_1_39' title='bbox 1833 955 1959 1037; x_wconf 86' lang='lat' dir='ltr'><strong>„de</strong></span> <span class='ocrx_word' id='word_1_40' title='bbox 2011 955 2325 1024; x_wconf 80' lang='lat' dir='ltr'><strong>ebrietate</strong></span> <span class='ocrx_word' id='word_1_41' title='bbox 2380 956 2487 1040; x_wconf 76' lang='lat' dir='ltr'><strong>agi</strong></span> <span class='ocrx_word' id='word_1_42' title='bbox 2540 955 2843 1042; x_wconf 82' lang='lat' dir='ltr'><strong>colligere</strong></span> <span class='ocrx_word' id='word_1_43' title='bbox 2886 955 3093 1043; x_wconf 87' lang='lat' dir='ltr'><strong>possis</strong></span> <span class='ocrx_word' id='word_1_44' title='bbox 3136 971 3175 1018; x_wconf 88' lang='lat' dir='ltr'><strong>e</strong></span> <span class='ocrx_word' id='word_1_45' title='bbox 3218 973 3257 1034; x_wconf 79' lang='lat' dir='ltr'><strong>r</strong></span> <span class='ocrx_word' id='word_1_46' title='bbox 3300 949 3343 1040; x_wconf 66' lang='grc' dir='ltr'><strong>ξ</strong></span> <span class='ocrx_word' id='word_1_47' title='bbox 3388 955 3453 1022; x_wconf 77' lang='lat'><strong>2.</strong></span> <span class='ocrx_word' id='word_1_48' title='bbox 3544 951 3917 1040; x_wconf 66' lang='lat' dir='ltr'><strong>Quanquam</strong></span> 
     </span>
     <span class='ocr_line' id='line_1_5' title="bbox 503 1059 3917 1149; baseline -0.001 -17"><span class='ocrx_word' id='word_1_49' title='bbox 503 1067 762 1132; x_wconf 78' lang='lat' dir='ltr'><strong>obstare</strong></span> <span class='ocrx_word' id='word_1_50' title='bbox 826 1063 1082 1130; x_wconf 75' lang='lat' dir='ltr'><strong>videtur</strong></span> <span class='ocrx_word' id='word_1_51' title='bbox 1145 1063 1296 1130; x_wconf 86' lang='lat' dir='ltr'><strong>huic</strong></span> <span class='ocrx_word' id='word_1_52' title='bbox 1362 1061 1721 1132; x_wconf 83' lang='lat' dir='ltr'><strong>sententiae</strong></span> <span class='ocrx_word' id='word_1_53' title='bbox 1789 1059 1828 1148; x_wconf 64' lang='lat' dir='ltr'><strong>fi</strong></span> <span class='ocrx_word' id='word_1_54' title='bbox 1900 1059 1961 1144; x_wconf 75' lang='lat'><strong>7,</strong></span> <span class='ocrx_word' id='word_1_55' title='bbox 2029 1063 2138 1128; x_wconf 87' lang='lat' dir='ltr'><strong>ubi</strong></span> <span class='ocrx_word' id='word_1_56' title='bbox 2191 1061 2696 1149; x_wconf 71' lang='lat' dir='ltr'><strong>praemeditatae</strong></span> <span class='ocrx_word' id='word_1_57' title='bbox 2762 1061 2981 1130; x_wconf 73' lang='lat' dir='ltr'><strong>caedis</strong></span> <span class='ocrx_word' id='word_1_58' title='bbox 3022 1061 3263 1130; x_wconf 75' lang='lat' dir='ltr'><strong>disetta</strong></span> <span class='ocrx_word' id='word_1_59' title='bbox 3305 1061 3579 1128; x_wconf 80' lang='lat' dir='ltr'><strong>habetur</strong></span> <span class='ocrx_word' id='word_1_60' title='bbox 3618 1060 3917 1130; x_wconf 83' lang='lat' dir='ltr'><strong>mentio.“</strong></span> 
     </span>
     <span class='ocr_line' id='line_1_6' title="bbox 503 1166 3917 1256; baseline -0.001 -18"><span class='ocrx_word' id='word_1_61' title='bbox 503 1173 604 1238; x_wconf 89' lang='lat' dir='ltr'><strong>De</strong></span> <span class='ocrx_word' id='word_1_62' title='bbox 647 1171 962 1240; x_wconf 74' lang='lat' dir='ltr'><strong>ebrietate</strong></span> <span class='ocrx_word' id='word_1_63' title='bbox 1005 1170 1111 1236; x_wconf 84' lang='lat' dir='ltr'><strong>his</strong></span> <span class='ocrx_word' id='word_1_64' title='bbox 1147 1169 1310 1238; x_wconf 85' lang='lat' dir='ltr'><strong>locis</strong></span> <span class='ocrx_word' id='word_1_65' title='bbox 1352 1171 1458 1256; x_wconf 63' lang='lat' dir='ltr'><strong>agi</strong></span> <span class='ocrx_word' id='word_1_66' title='bbox 1503 1167 1977 1237; x_wconf 87' lang='lat' dir='ltr'><strong>concedendum</strong></span> <span class='ocrx_word' id='word_1_67' title='bbox 2021 1179 2141 1236; x_wconf 82' lang='lat' dir='ltr'><strong>est.</strong></span> <span class='ocrx_word' id='word_1_68' title='bbox 2233 1167 2365 1236; x_wconf 83' lang='lat' dir='ltr'><strong>Sed</strong></span> <span class='ocrx_word' id='word_1_69' title='bbox 2408 1168 2773 1254; x_wconf 79' lang='lat' dir='ltr'><strong>exlegibus</strong></span> <span class='ocrx_word' id='word_1_70' title='bbox 2801 1167 3035 1234; x_wconf 81' lang='lat' dir='ltr'><strong>Atticis</strong></span> <span class='ocrx_word' id='word_1_71' title='bbox 3066 1185 3227 1252; x_wconf 84' lang='lat' dir='ltr'><strong>eum,</strong></span> <span class='ocrx_word' id='word_1_72' title='bbox 3274 1168 3382 1253; x_wconf 89' lang='lat' dir='ltr'><strong>qui</strong></span> <span class='ocrx_word' id='word_1_73' title='bbox 3410 1167 3625 1234; x_wconf 78' lang='lat' dir='ltr'><strong>ebrius</strong></span> <span class='ocrx_word' id='word_1_74' title='bbox 3653 1166 3917 1234; x_wconf 74' lang='lat' dir='ltr'><strong>caedem</strong></span> 
     </span>
     <span class='ocr_line' id='line_1_7' title="bbox 506 1271 3920 1363; baseline -0.002 -17"><span class='ocrx_word' id='word_1_75' title='bbox 506 1279 919 1360; x_wconf 72' lang='lat' dir='ltr'><strong>commiserat,</strong></span> <span class='ocrx_word' id='word_1_76' title='bbox 985 1273 1198 1362; x_wconf 76' lang='grc' dir='ltr'><strong><em>φόνου</em></strong></span> <span class='ocrx_word' id='word_1_77' title='bbox 1255 1275 1564 1343; x_wconf 73' lang='grc' dir='ltr'><strong><em>ἑκουσίου</em></strong></span> <span class='ocrx_word' id='word_1_78' title='bbox 1617 1293 1920 1342; x_wconf 81' lang='lat' dir='ltr'><strong>accusare</strong></span> <span class='ocrx_word' id='word_1_79' title='bbox 1963 1285 2033 1342; x_wconf 91' lang='lat' dir='ltr'><strong>et</strong></span> <span class='ocrx_word' id='word_1_80' title='bbox 2075 1277 2307 1363; x_wconf 79' lang='lat' dir='ltr'><strong>capitis</strong></span> <span class='ocrx_word' id='word_1_81' title='bbox 2350 1276 2651 1342; x_wconf 78' lang='lat' dir='ltr'><strong>damnare</strong></span> <span class='ocrx_word' id='word_1_82' title='bbox 2693 1275 2950 1342; x_wconf 85' lang='lat' dir='ltr'><strong>licebat.</strong></span> <span class='ocrx_word' id='word_1_83' title='bbox 3042 1273 3356 1340; x_wconf 69' lang='lat' dir='ltr'><strong>Dbcimus</strong></span> <span class='ocrx_word' id='word_1_84' title='bbox 3399 1273 3525 1341; x_wconf 85' lang='lat' dir='ltr'><strong>hoc</strong></span> <span class='ocrx_word' id='word_1_85' title='bbox 3559 1294 3649 1342; x_wconf 75' lang='lat' dir='ltr'><strong>ex</strong></span> <span class='ocrx_word' id='word_1_86' title='bbox 3690 1271 3920 1360; x_wconf 73' lang='lat' dir='ltr'><strong>Lysiae</strong></span> 
     </span>
     <span class='ocr_line' id='line_1_8' title="bbox 509 1376 3921 1468; baseline -0.002 -16"><span class='ocrx_word' id='word_1_87' title='bbox 509 1386 798 1452; x_wconf 86' lang='lat' dir='ltr'><strong>oratione</strong></span> <span class='ocrx_word' id='word_1_88' title='bbox 841 1393 1068 1468; x_wconf 74' lang='lat' dir='ltr'><strong>quarta</strong></span> <span class='ocrx_word' id='word_1_89' title='bbox 1113 1383 1224 1448; x_wconf 88' lang='lat' dir='ltr'><strong>ubi</strong></span> <span class='ocrx_word' id='word_1_90' title='bbox 1263 1383 1339 1465; x_wconf 87' lang='lat' dir='ltr'><strong>is,</strong></span> <span class='ocrx_word' id='word_1_91' title='bbox 1387 1383 1494 1465; x_wconf 87' lang='lat' dir='ltr'><strong>qui</strong></span> <span class='ocrx_word' id='word_1_92' title='bbox 1547 1382 1746 1448; x_wconf 76' lang='lat' dir='ltr'><strong>verba</strong></span> <span class='ocrx_word' id='word_1_93' title='bbox 1795 1380 1968 1464; x_wconf 79' lang='lat' dir='ltr'><strong>facit,</strong></span> <span class='ocrx_word' id='word_1_94' title='bbox 2035 1376 2403 1466; x_wconf 73' lang='grc' dir='ltr'><strong><em>τραύματος</em></strong></span> <span class='ocrx_word' id='word_1_95' title='bbox 2455 1376 2530 1446; x_wconf 77' lang='grc' dir='ltr'><strong>ἐκ</strong></span> <span class='ocrx_word' id='word_1_96' title='bbox 2575 1381 2887 1468; x_wconf 77' lang='grc' dir='ltr'><strong><em>προνοίας</em></strong></span> <span class='ocrx_word' id='word_1_97' title='bbox 2928 1388 3261 1450; x_wconf 63' lang='lat' dir='ltr'><strong>aconem</strong></span> <span class='ocrx_word' id='word_1_98' title='bbox 3304 1388 3423 1448; x_wconf 78' lang='lat' dir='ltr'><strong>est.</strong></span> <span class='ocrx_word' id='word_1_99' title='bbox 3512 1379 3681 1467; x_wconf 76' lang='lat' dir='ltr'><strong>Regi</strong></span> <span class='ocrx_word' id='word_1_100' title='bbox 3722 1379 3921 1466; x_wconf 68' lang='lat' dir='ltr'><strong>igitar</strong></span> 
     </span>
     <span class='ocr_line' id='line_1_9' title="bbox 501 1486 3916 1576; baseline -0.001 -20"><span class='ocrx_word' id='word_1_101' title='bbox 501 1492 680 1560; x_wconf 84' lang='lat' dir='ltr'><strong>litem</strong></span> <span class='ocrx_word' id='word_1_102' title='bbox 721 1489 1080 1556; x_wconf 80' lang='lat' dir='ltr'><strong>instituenti</strong></span> <span class='ocrx_word' id='word_1_103' title='bbox 1121 1507 1490 1576; x_wconf 83' lang='lat' dir='ltr'><strong>persuasum</strong></span> <span class='ocrx_word' id='word_1_104' title='bbox 1532 1487 1738 1556; x_wconf 78' lang='lat' dir='ltr'><strong>fuerat</strong></span> <span class='ocrx_word' id='word_1_105' title='bbox 1781 1507 1926 1556; x_wconf 89' lang='lat' dir='ltr'><strong>eum</strong></span> <span class='ocrx_word' id='word_1_106' title='bbox 1969 1488 2258 1560; x_wconf 82' lang='lat' dir='ltr'><strong>consulto</strong></span> <span class='ocrx_word' id='word_1_107' title='bbox 2304 1487 2569 1554; x_wconf 78' lang='lat' dir='ltr'><strong>caedem</strong></span> <span class='ocrx_word' id='word_1_108' title='bbox 2610 1493 2865 1575; x_wconf 74' lang='lat' dir='ltr'><strong>pan-are</strong></span> <span class='ocrx_word' id='word_1_109' title='bbox 2908 1486 3203 1570; x_wconf 74' lang='lat' dir='ltr'><strong>voluisse,</strong></span> <span class='ocrx_word' id='word_1_110' title='bbox 3264 1507 3623 1572; x_wconf 74' lang='lat' dir='ltr'><strong>quanquam</strong></span> <span class='ocrx_word' id='word_1_111' title='bbox 3663 1506 3916 1554; x_wconf 77' lang='lat' dir='ltr'><strong>accusa·</strong></span> 
     </span>
     <span class='ocr_line' id='line_1_10' title="bbox 500 1587 3917 1682; baseline -0.001 -18"><span class='ocrx_word' id='word_1_112' title='bbox 500 1605 606 1664; x_wconf 89' lang='lat' dir='ltr'><strong>tor</strong></span> <span class='ocrx_word' id='word_1_113' title='bbox 669 1615 814 1664; x_wconf 84' lang='lat' dir='ltr'><strong>enm</strong></span> <span class='ocrx_word' id='word_1_114' title='bbox 877 1595 1124 1662; x_wconf 85' lang='lat' dir='ltr'><strong>ebrium</strong></span> <span class='ocrx_word' id='word_1_115' title='bbox 1187 1594 1432 1665; x_wconf 77' lang='lat' dir='ltr'><strong>facinus</strong></span> <span class='ocrx_word' id='word_1_116' title='bbox 1499 1595 1882 1662; x_wconf 87' lang='lat' dir='ltr'><strong>commisisse</strong></span> <span class='ocrx_word' id='word_1_117' title='bbox 1949 1597 2273 1661; x_wconf 86' lang='lat' dir='ltr'><strong>concessit</strong></span> <span class='ocrx_word' id='word_1_118' title='bbox 2320 1591 2391 1682; x_wconf 69' lang='grc' dir='ltr'><strong>(ξ</strong></span> <span class='ocrx_word' id='word_1_119' title='bbox 2439 1595 2477 1660; x_wconf 80' lang='grc'><strong>7-</strong></span> <span class='ocrx_word' id='word_1_120' title='bbox 2529 1643 2561 1670; x_wconf 69' lang='grc'><strong>.,</strong></span> <span class='ocrx_word' id='word_1_121' title='bbox 2593 1641 2611 1660; x_wconf 93' lang='grc'><strong>.</strong></span> <span class='ocrx_word' id='word_1_122' title='bbox 2658 1641 2678 1660; x_wconf 93' lang='grc'><strong>.</strong></span> <span class='ocrx_word' id='word_1_123' title='bbox 2732 1587 3249 1676; x_wconf 71' lang='grc' dir='ltr'><strong>ὁμολογούμεθα</strong></span> <span class='ocrx_word' id='word_1_124' title='bbox 3305 1588 3472 1678; x_wconf 77' lang='grc' dir='ltr'><strong><em>πρός</em></strong></span> <span class='ocrx_word' id='word_1_125' title='bbox 3524 1591 3765 1666; x_wconf 70' lang='grc' dir='ltr'><strong><em>παῖδας</em></strong></span> <span class='ocrx_word' id='word_1_126' title='bbox 3806 1591 3917 1660; x_wconf 71' lang='grc' dir='ltr'><strong>καὶ</strong></span> 
     </span>
    </p>
   </div>
   <div class='ocr_carea' id='block_1_3' title="bbox 505 1689 4049 1791">
    <p class='ocr_par' dir='ltr' id='par_1_3' title="bbox 505 1689 4049 1791">
     <span class='ocr_line' id='line_1_11' title="bbox 505 1689 4049 1791; baseline 0 -24"><span class='ocrx_word' id='word_1_127' title='bbox 505 1697 900 1791; x_wconf 69' lang='grc' dir='ltr'><strong><em>αὖλητρίδας</em></strong></span> <span class='ocrx_word' id='word_1_128' title='bbox 943 1699 1054 1766; x_wconf 72' lang='grc' dir='ltr'><strong><em>καὶ</em></strong></span> <span class='ocrx_word' id='word_1_129' title='bbox 1097 1703 1234 1784; x_wconf 80' lang='grc' dir='ltr'><strong><em>μετ’</em></strong></span> <span class='ocrx_word' id='word_1_130' title='bbox 1277 1699 1462 1767; x_wconf 76' lang='grc' dir='ltr'><strong><em>οἴνου</em></strong></span> <span class='ocrx_word' id='word_1_131' title='bbox 1505 1696 1860 1788; x_wconf 74' lang='grc' dir='ltr'><strong><em>ἐλθόντες).</em></strong></span> <span class='ocrx_word' id='word_1_132' title='bbox 1961 1699 2160 1779; x_wconf 85' lang='lat' dir='ltr'><strong>Quem</strong></span> <span class='ocrx_word' id='word_1_133' title='bbox 2213 1702 2323 1786; x_wconf 89' lang='lat' dir='ltr'><strong>qui</strong></span> <span class='ocrx_word' id='word_1_134' title='bbox 2367 1709 2547 1768; x_wconf 83' lang='lat' dir='ltr'><strong>tenet</strong></span> <span class='ocrx_word' id='word_1_135' title='bbox 2588 1699 2797 1768; x_wconf 85' lang='lat' dir='ltr'><strong>locum</strong></span> <span class='ocrx_word' id='word_1_136' title='bbox 2840 1719 2967 1766; x_wconf 82' lang='lat' dir='ltr'><strong>non</strong></span> <span class='ocrx_word' id='word_1_137' title='bbox 3010 1701 3272 1786; x_wconf 76' lang='lat' dir='ltr'><strong>negabit</strong></span> <span class='ocrx_word' id='word_1_138' title='bbox 3314 1699 3455 1772; x_wconf 81' lang='lat' dir='ltr'><strong>fieri</strong></span> <span class='ocrx_word' id='word_1_139' title='bbox 3494 1701 3801 1788; x_wconf 79' lang='lat' dir='ltr'><strong>potuisse,</strong></span> <span class='ocrx_word' id='word_1_140' title='bbox 3846 1708 3920 1784; x_wconf 74' lang='lat' dir='ltr'><strong>ut</strong></span> <span class='ocrx_word' id='word_1_141' title='bbox 4042 1689 4049 1698; x_wconf 86' lang='grc'><strong><em>’</em></strong></span> 
     </span>
    </p>
   </div>
   <div class='ocr_carea' id='block_1_4' title="bbox 497 1807 3921 5205">
    <p class='ocr_par' dir='ltr' id='par_1_4' title="bbox 505 1807 2929 1895">
     <span class='ocr_line' id='line_1_12' title="bbox 505 1807 2929 1895; baseline 0 -22"><span class='ocrx_word' id='word_1_142' title='bbox 505 1808 690 1874; x_wconf 82' lang='lat' dir='ltr'><strong>homo</strong></span> <span class='ocrx_word' id='word_1_143' title='bbox 734 1808 948 1874; x_wconf 85' lang='lat' dir='ltr'><strong>ebrius</strong></span> <span class='ocrx_word' id='word_1_144' title='bbox 993 1808 1212 1874; x_wconf 85' lang='lat' dir='ltr'><strong>caedis</strong></span> <span class='ocrx_word' id='word_1_145' title='bbox 1255 1807 1758 1895; x_wconf 74' lang='lat' dir='ltr'><strong>praemeditatae</strong></span> <span class='ocrx_word' id='word_1_146' title='bbox 1799 1827 1884 1875; x_wconf 83' lang='lat' dir='ltr'><strong>ex</strong></span> <span class='ocrx_word' id='word_1_147' title='bbox 1928 1808 2176 1893; x_wconf 82' lang='lat' dir='ltr'><strong>legibus</strong></span> <span class='ocrx_word' id='word_1_148' title='bbox 2219 1809 2461 1875; x_wconf 82' lang='lat' dir='ltr'><strong>Atticis</strong></span> <span class='ocrx_word' id='word_1_149' title='bbox 2501 1815 2929 1874; x_wconf 82' lang='lat' dir='ltr'><strong>accusaretur.</strong></span> 
     </span>
    </p>

    <p class='ocr_par' dir='ltr' id='par_1_5' title="bbox 497 1889 3921 5205">
     <span class='ocr_line' id='line_1_13' title="bbox 824 1889 3921 2000; baseline 0 -20"><span class='ocrx_word' id='word_1_150' title='bbox 824 1889 1036 1984; x_wconf 75' lang='lat' dir='ltr'><strong>Unum</strong></span> <span class='ocrx_word' id='word_1_151' title='bbox 1078 1923 1300 1996; x_wconf 82' lang='lat' dir='ltr'><strong>restat,</strong></span> <span class='ocrx_word' id='word_1_152' title='bbox 1361 1915 1532 2000; x_wconf 86' lang='lat' dir='ltr'><strong>quod</strong></span> <span class='ocrx_word' id='word_1_153' title='bbox 1592 1915 2179 1983; x_wconf 67' lang='lat' dir='ltr'><strong>commemoratione</strong></span> <span class='ocrx_word' id='word_1_154' title='bbox 2233 1914 2387 1980; x_wconf 88' lang='lat' dir='ltr'><strong>mihi</strong></span> <span class='ocrx_word' id='word_1_155' title='bbox 2431 1915 2687 2000; x_wconf 78' lang='lat' dir='ltr'><strong>dignum</strong></span> <span class='ocrx_word' id='word_1_156' title='bbox 2730 1915 2985 1981; x_wconf 83' lang='lat' dir='ltr'><strong>videtur</strong></span> <span class='ocrx_word' id='word_1_157' title='bbox 3024 1933 3190 1982; x_wconf 83' lang='lat' dir='ltr'><strong>esse</strong></span> <span class='ocrx_word' id='word_1_158' title='bbox 3232 1910 3541 1980; x_wconf 85' lang='lat' dir='ltr'><strong>Scimus</strong></span> <span class='ocrx_word' id='word_1_159' title='bbox 3570 1933 3653 1979; x_wconf 65' lang='lat' dir='ltr'><strong>em</strong></span> <span class='ocrx_word' id='word_1_160' title='bbox 3696 1907 3921 1981; x_wconf 82' lang='lat' dir='ltr'><strong>Demo·</strong></span> 
     </span>
     <span class='ocr_line' id='line_1_14' title="bbox 503 2012 3920 2108; baseline -0.001 -20"><span class='ocrx_word' id='word_1_161' title='bbox 503 2023 728 2090; x_wconf 81' lang='lat' dir='ltr'><strong>sthene</strong></span> <span class='ocrx_word' id='word_1_162' title='bbox 776 2019 869 2108; x_wconf 88' lang='lat' dir='ltr'><strong>(c.</strong></span> <span class='ocrx_word' id='word_1_163' title='bbox 913 2023 1224 2090; x_wconf 74' lang='lat' dir='ltr'><strong>Aristoer.</strong></span> <span class='ocrx_word' id='word_1_164' title='bbox 1289 2043 1354 2108; x_wconf 88' lang='lat' dir='ltr'><strong>p.</strong></span> <span class='ocrx_word' id='word_1_165' title='bbox 1402 2021 1533 2088; x_wconf 80' lang='lat'><strong>635</strong></span> <span class='ocrx_word' id='word_1_166' title='bbox 1577 2019 1618 2108; x_wconf 65' lang='grc' dir='ltr'><strong>ξ</strong></span> <span class='ocrx_word' id='word_1_167' title='bbox 1663 2022 1752 2088; x_wconf 75' lang='grc'><strong>50</strong></span> <span class='ocrx_word' id='word_1_168' title='bbox 1814 2016 1901 2084; x_wconf 80' lang='grc' dir='ltr'><strong><em>ἄν</em></strong></span> <span class='ocrx_word' id='word_1_169' title='bbox 1953 2045 2045 2096; x_wconf 81' lang='grc' dir='ltr'><strong><em>τις</em></strong></span> <span class='ocrx_word' id='word_1_170' title='bbox 2105 2016 2313 2106; x_wconf 69' lang='grc' dir='ltr'><strong><em>τύπτῃ</em></strong></span> <span class='ocrx_word' id='word_1_171' title='bbox 2375 2015 2589 2090; x_wconf 65' lang='grc' dir='ltr'><strong><em>τινὰ.</em></strong></span> <span class='ocrx_word' id='word_1_172' title='bbox 2702 2069 2720 2085; x_wconf 94' lang='grc'><strong>.</strong></span> <span class='ocrx_word' id='word_1_173' title='bbox 2766 2012 2983 2104; x_wconf 76' lang='grc' dir='ltr'><strong><em>ἅρχων</em></strong></span> <span class='ocrx_word' id='word_1_174' title='bbox 3042 2020 3274 2106; x_wconf 71' lang='grc' dir='ltr'><strong><em>χειρῶν</em></strong></span> <span class='ocrx_word' id='word_1_175' title='bbox 3316 2013 3587 2100; x_wconf 67' lang='grc' dir='ltr'><strong><em>ἀδίκων,</em></strong></span> <span class='ocrx_word' id='word_1_176' title='bbox 3633 2013 3741 2102; x_wconf 75' lang='grc' dir='ltr'><strong><em>αἷς,</em></strong></span> <span class='ocrx_word' id='word_1_177' title='bbox 3786 2017 3920 2102; x_wconf 71' lang='grc' dir='ltr'><strong>εἴγε</strong></span> 
     </span>
     <span class='ocr_line' id='line_1_15' title="bbox 500 2123 3920 2218; baseline -0 -26"><span class='ocrx_word' id='word_1_178' title='bbox 500 2123 818 2215; x_wconf 76' lang='grc' dir='ltr'><strong><em>ἠμύνατο,</em></strong></span> <span class='ocrx_word' id='word_1_179' title='bbox 869 2125 991 2196; x_wconf 79' lang='grc' dir='ltr'><strong><em>οὐκ</em></strong></span> <span class='ocrx_word' id='word_1_180' title='bbox 1035 2125 1276 2214; x_wconf 61' lang='lat' dir='ltr'><strong>adast)</strong></span> <span class='ocrx_word' id='word_1_181' title='bbox 1334 2150 1454 2218; x_wconf 82' lang='lat' dir='ltr'><strong>per</strong></span> <span class='ocrx_word' id='word_1_182' title='bbox 1507 2129 1686 2214; x_wconf 84' lang='lat' dir='ltr'><strong>leges</strong></span> <span class='ocrx_word' id='word_1_183' title='bbox 1730 2129 1981 2194; x_wconf 86' lang='lat' dir='ltr'><strong>Atticas</strong></span> <span class='ocrx_word' id='word_1_184' title='bbox 2026 2129 2152 2192; x_wconf 88' lang='lat' dir='ltr'><strong>vim</strong></span> <span class='ocrx_word' id='word_1_185' title='bbox 2195 2128 2262 2193; x_wconf 83' lang='lat' dir='ltr'><strong>vi</strong></span> <span class='ocrx_word' id='word_1_186' title='bbox 2304 2128 2621 2216; x_wconf 84' lang='lat' dir='ltr'><strong>repellere</strong></span> <span class='ocrx_word' id='word_1_187' title='bbox 2664 2127 2939 2209; x_wconf 60' lang='lat' dir='ltr'><strong>licuisse</strong></span> <span class='ocrx_word' id='word_1_188' title='bbox 3030 2126 3316 2194; x_wconf 74' lang='lat' dir='ltr'><strong>Eandem</strong></span> <span class='ocrx_word' id='word_1_189' title='bbox 3358 2127 3567 2212; x_wconf 78' lang='lat' dir='ltr'><strong>legem</strong></span> <span class='ocrx_word' id='word_1_190' title='bbox 3608 2125 3692 2192; x_wconf 79' lang='lat' dir='ltr'><strong>ab</strong></span> <span class='ocrx_word' id='word_1_191' title='bbox 3737 2126 3920 2192; x_wconf 83' lang='lat' dir='ltr'><strong>Anti·</strong></span> 
     </span>
     <span class='ocr_line' id='line_1_16' title="bbox 501 2233 3919 2322; baseline -0 -22"><span class='ocrx_word' id='word_1_192' title='bbox 501 2236 742 2321; x_wconf 75' lang='lat' dir='ltr'><strong>phonoe</strong></span> <span class='ocrx_word' id='word_1_193' title='bbox 784 2235 852 2300; x_wconf 90' lang='lat' dir='ltr'><strong>in</strong></span> <span class='ocrx_word' id='word_1_194' title='bbox 896 2237 1018 2301; x_wconf 84' lang='lat' dir='ltr'><strong>hac</strong></span> <span class='ocrx_word' id='word_1_195' title='bbox 1061 2235 1402 2322; x_wconf 79' lang='lat' dir='ltr'><strong>tetralogia</strong></span> <span class='ocrx_word' id='word_1_196' title='bbox 1446 2236 1914 2302; x_wconf 75' lang='lat' dir='ltr'><strong>commemorari</strong></span> <span class='ocrx_word' id='word_1_197' title='bbox 1957 2236 2082 2300; x_wconf 87' lang='lat' dir='ltr'><strong>iam</strong></span> <span class='ocrx_word' id='word_1_198' title='bbox 2127 2254 2320 2322; x_wconf 83' lang='lat' dir='ltr'><strong>supra</strong></span> <span class='ocrx_word' id='word_1_199' title='bbox 2348 2235 2638 2302; x_wconf 84' lang='lat' dir='ltr'><strong>diximus.</strong></span> <span class='ocrx_word' id='word_1_200' title='bbox 2728 2233 3074 2302; x_wconf 84' lang='lat' dir='ltr'><strong>Contendit</strong></span> <span class='ocrx_word' id='word_1_201' title='bbox 3099 2241 3311 2301; x_wconf 82' lang='lat' dir='ltr'><strong>autem</strong></span> <span class='ocrx_word' id='word_1_202' title='bbox 3340 2241 3669 2300; x_wconf 70' lang='lat' dir='ltr'><strong>wcusatus</strong></span> <span class='ocrx_word' id='word_1_203' title='bbox 3701 2254 3919 2300; x_wconf 82' lang='lat' dir='ltr'><strong>senem</strong></span> 
     </span>
     <span class='ocr_line' id='line_1_17' title="bbox 503 2334 3919 2428; baseline 0 -24"><span class='ocrx_word' id='word_1_204' title='bbox 503 2340 748 2408; x_wconf 88' lang='lat' dir='ltr'><strong>initium</strong></span> <span class='ocrx_word' id='word_1_205' title='bbox 808 2341 1038 2408; x_wconf 85' lang='lat' dir='ltr'><strong>fecisse</strong></span> <span class='ocrx_word' id='word_1_206' title='bbox 1099 2342 1500 2426; x_wconf 82' lang='lat' dir='ltr'><strong>verberandi,</strong></span> <span class='ocrx_word' id='word_1_207' title='bbox 1565 2342 1736 2426; x_wconf 88' lang='lat' dir='ltr'><strong>quod</strong></span> <span class='ocrx_word' id='word_1_208' title='bbox 1791 2343 1980 2408; x_wconf 87' lang='lat' dir='ltr'><strong>etiam</strong></span> <span class='ocrx_word' id='word_1_209' title='bbox 2043 2351 2242 2408; x_wconf 84' lang='lat' dir='ltr'><strong>testes</strong></span> <span class='ocrx_word' id='word_1_210' title='bbox 2286 2343 2715 2428; x_wconf 80' lang='lat' dir='ltr'><strong>pmbaverant</strong></span> <span class='ocrx_word' id='word_1_211' title='bbox 2757 2339 2928 2428; x_wconf 68' lang='lat' dir='ltr'><strong>(ms</strong></span> <span class='ocrx_word' id='word_1_212' title='bbox 2972 2341 3041 2406; x_wconf 70' lang='lat' dir='ltr'><strong>ot</strong></span> <span class='ocrx_word' id='word_1_213' title='bbox 3080 2336 3400 2426; x_wconf 73' lang='grc' dir='ltr'><strong><em>μάρτυρες</em></strong></span> <span class='ocrx_word' id='word_1_214' title='bbox 3440 2334 3673 2405; x_wconf 75' lang='grc' dir='ltr'><strong><em>τοῦτόν</em></strong></span> <span class='ocrx_word' id='word_1_215' title='bbox 3717 2357 3919 2425; x_wconf 69' lang='grc' dir='ltr'><strong><em>φασιν</em></strong></span> 
     </span>
     <span class='ocr_line' id='line_1_18' title="bbox 503 2441 3915 2538; baseline 0 -25"><span class='ocrx_word' id='word_1_216' title='bbox 503 2441 694 2530; x_wconf 81' lang='grc' dir='ltr'><strong><em>ἄρξαι</em></strong></span> <span class='ocrx_word' id='word_1_217' title='bbox 733 2448 854 2536; x_wconf 82' lang='grc' dir='ltr'><strong>τῆς</strong></span> <span class='ocrx_word' id='word_1_218' title='bbox 898 2446 1204 2538; x_wconf 77' lang='grc' dir='ltr'><strong>πληγῆς).</strong></span> <span class='ocrx_word' id='word_1_219' title='bbox 1316 2448 1444 2516; x_wconf 83' lang='grc' dir='ltr'><strong>Οιιι·</strong></span> <span class='ocrx_word' id='word_1_220' title='bbox 1496 2449 1690 2534; x_wconf 85' lang='lat' dir='ltr'><strong>igitur</strong></span> <span class='ocrx_word' id='word_1_221' title='bbox 1747 2458 2097 2530; x_wconf 79' lang='lat' dir='ltr'><strong>accusatae,</strong></span> <span class='ocrx_word' id='word_1_222' title='bbox 2169 2469 2309 2515; x_wconf 89' lang='lat' dir='ltr'><strong>cum</strong></span> <span class='ocrx_word' id='word_1_223' title='bbox 2372 2456 2573 2514; x_wconf 90' lang='lat' dir='ltr'><strong>testes</strong></span> <span class='ocrx_word' id='word_1_224' title='bbox 2617 2449 2739 2514; x_wconf 88' lang='lat' dir='ltr'><strong>hoc</strong></span> <span class='ocrx_word' id='word_1_225' title='bbox 2784 2447 3341 2530; x_wconf 79' lang='lat' dir='ltr'><strong>confirmavissent,</strong></span> <span class='ocrx_word' id='word_1_226' title='bbox 3410 2449 3533 2513; x_wconf 80' lang='lat' dir='ltr'><strong>hac</strong></span> <span class='ocrx_word' id='word_1_227' title='bbox 3574 2447 3721 2532; x_wconf 81' lang='lat' dir='ltr'><strong>lege</strong></span> <span class='ocrx_word' id='word_1_228' title='bbox 3765 2465 3915 2514; x_wconf 82' lang='lat' dir='ltr'><strong>usus</strong></span> 
     </span>
     <span class='ocr_line' id='line_1_19' title="bbox 501 2551 3908 2641; baseline 0.001 -23"><span class='ocrx_word' id='word_1_229' title='bbox 501 2573 629 2620; x_wconf 91' lang='lat' dir='ltr'><strong>non</strong></span> <span class='ocrx_word' id='word_1_230' title='bbox 694 2555 1022 2620; x_wconf 80' lang='lat' dir='ltr'><strong>contendit</strong></span> <span class='ocrx_word' id='word_1_231' title='bbox 1087 2552 1294 2640; x_wconf 85' lang='grc' dir='ltr'><strong><em>φόνον</em></strong></span> <span class='ocrx_word' id='word_1_232' title='bbox 1361 2557 1613 2622; x_wconf 73' lang='grc' dir='ltr'><strong><em>δίκαιον</em></strong></span> <span class='ocrx_word' id='word_1_233' title='bbox 1681 2575 1752 2621; x_wconf 91' lang='lat' dir='ltr'><strong>se</strong></span> <span class='ocrx_word' id='word_1_234' title='bbox 1820 2555 2203 2623; x_wconf 80' lang='lat' dir='ltr'><strong>commisisse</strong></span> <span class='ocrx_word' id='word_1_235' title='bbox 2272 2562 2339 2622; x_wconf 89' lang='lat' dir='ltr'><strong>et</strong></span> <span class='ocrx_word' id='word_1_236' title='bbox 2382 2555 2550 2622; x_wconf 89' lang='lat' dir='ltr'><strong>omni</strong></span> <span class='ocrx_word' id='word_1_237' title='bbox 2605 2554 2793 2641; x_wconf 87' lang='lat' dir='ltr'><strong>culpa</strong></span> <span class='ocrx_word' id='word_1_238' title='bbox 2836 2555 3103 2620; x_wconf 88' lang='lat' dir='ltr'><strong>liberum</strong></span> <span class='ocrx_word' id='word_1_239' title='bbox 3146 2553 3329 2620; x_wconf 73' lang='lat' dir='ltr'><strong>esse?</strong></span> <span class='ocrx_word' id='word_1_240' title='bbox 3416 2551 3691 2638; x_wconf 86' lang='lat' dir='ltr'><strong>Reliqua</strong></span> <span class='ocrx_word' id='word_1_241' title='bbox 3740 2553 3908 2620; x_wconf 91' lang='lat' dir='ltr'><strong>enim</strong></span> 
     </span>
     <span class='ocr_line' id='line_1_20' title="bbox 497 2659 3915 2748; baseline 0 -22"><span class='ocrx_word' id='word_1_242' title='bbox 497 2661 975 2746; x_wconf 84' lang='lat' dir='ltr'><strong>argumentatio,</strong></span> <span class='ocrx_word' id='word_1_243' title='bbox 1066 2681 1190 2746; x_wconf 85' lang='lat' dir='ltr'><strong>qua</strong></span> <span class='ocrx_word' id='word_1_244' title='bbox 1275 2663 1679 2728; x_wconf 88' lang='lat' dir='ltr'><strong>innocentem</strong></span> <span class='ocrx_word' id='word_1_245' title='bbox 1775 2681 1845 2728; x_wconf 92' lang='lat' dir='ltr'><strong>se</strong></span> <span class='ocrx_word' id='word_1_246' title='bbox 1923 2683 2062 2729; x_wconf 79' lang='lat' dir='ltr'><strong>esse</strong></span> <span class='ocrx_word' id='word_1_247' title='bbox 2138 2662 2571 2728; x_wconf 85' lang='lat' dir='ltr'><strong>demonstrare</strong></span> <span class='ocrx_word' id='word_1_248' title='bbox 2664 2662 2898 2744; x_wconf 81' lang='lat' dir='ltr'><strong>studet,</strong></span> <span class='ocrx_word' id='word_1_249' title='bbox 2981 2680 3451 2748; x_wconf 82' lang='lat' dir='ltr'><strong>supervacanea</strong></span> <span class='ocrx_word' id='word_1_250' title='bbox 3522 2659 3761 2744; x_wconf 81' lang='lat' dir='ltr'><strong>fuisset,</strong></span> <span class='ocrx_word' id='word_1_251' title='bbox 3856 2661 3915 2727; x_wconf 88' lang='lat' dir='ltr'><strong>si</strong></span> 
     </span>
     <span class='ocr_line' id='line_1_21' title="bbox 499 2765 3917 2855; baseline 0.001 -23"><span class='ocrx_word' id='word_1_252' title='bbox 499 2765 610 2833; x_wconf 89' lang='lat' dir='ltr'><strong>illa</strong></span> <span class='ocrx_word' id='word_1_253' title='bbox 653 2767 798 2854; x_wconf 82' lang='lat' dir='ltr'><strong>lege</strong></span> <span class='ocrx_word' id='word_1_254' title='bbox 842 2768 1018 2835; x_wconf 90' lang='lat' dir='ltr'><strong>nisus</strong></span> <span class='ocrx_word' id='word_1_255' title='bbox 1062 2777 1253 2837; x_wconf 88' lang='lat' dir='ltr'><strong>esset.</strong></span> <span class='ocrx_word' id='word_1_256' title='bbox 1344 2768 1474 2837; x_wconf 89' lang='lat' dir='ltr'><strong>Sed</strong></span> <span class='ocrx_word' id='word_1_257' title='bbox 1519 2769 1586 2836; x_wconf 89' lang='lat' dir='ltr'><strong>in</strong></span> <span class='ocrx_word' id='word_1_258' title='bbox 1629 2771 1752 2837; x_wconf 85' lang='lat' dir='ltr'><strong>hac</strong></span> <span class='ocrx_word' id='word_1_259' title='bbox 1795 2790 1866 2835; x_wconf 90' lang='lat' dir='ltr'><strong>re</strong></span> <span class='ocrx_word' id='word_1_260' title='bbox 1910 2769 2070 2836; x_wconf 87' lang='lat' dir='ltr'><strong>nihil</strong></span> <span class='ocrx_word' id='word_1_261' title='bbox 2113 2769 2282 2837; x_wconf 89' lang='lat' dir='ltr'><strong>inest</strong></span> <span class='ocrx_word' id='word_1_262' title='bbox 2310 2769 2694 2837; x_wconf 83' lang='lat' dir='ltr'><strong>offensionis.</strong></span> <span class='ocrx_word' id='word_1_263' title='bbox 2786 2767 2865 2835; x_wconf 89' lang='lat' dir='ltr'><strong>Id</strong></span> <span class='ocrx_word' id='word_1_264' title='bbox 2894 2768 3098 2855; x_wconf 91' lang='lat' dir='ltr'><strong>ipsum</strong></span> <span class='ocrx_word' id='word_1_265' title='bbox 3127 2767 3312 2851; x_wconf 90' lang='lat' dir='ltr'><strong>enim,</strong></span> <span class='ocrx_word' id='word_1_266' title='bbox 3361 2767 3529 2852; x_wconf 91' lang='lat' dir='ltr'><strong>quod</strong></span> <span class='ocrx_word' id='word_1_267' title='bbox 3558 2767 3803 2835; x_wconf 81' lang='lat' dir='ltr'><strong>iuvenis</strong></span> <span class='ocrx_word' id='word_1_268' title='bbox 3845 2776 3917 2835; x_wconf 90' lang='lat' dir='ltr'><strong>et</strong></span> 
     </span>
     <span class='ocr_line' id='line_1_22' title="bbox 501 2872 3911 2962; baseline 0.001 -24"><span class='ocrx_word' id='word_1_269' title='bbox 501 2882 699 2939; x_wconf 86' lang='lat' dir='ltr'><strong>testes</strong></span> <span class='ocrx_word' id='word_1_270' title='bbox 765 2874 1182 2959; x_wconf 84' lang='lat' dir='ltr'><strong>affirmabant,</strong></span> <span class='ocrx_word' id='word_1_271' title='bbox 1253 2896 1469 2945; x_wconf 89' lang='lat' dir='ltr'><strong>senem</strong></span> <span class='ocrx_word' id='word_1_272' title='bbox 1532 2877 1912 2944; x_wconf 80' lang='lat' dir='ltr'><strong>verberandi</strong></span> <span class='ocrx_word' id='word_1_273' title='bbox 1979 2878 2226 2943; x_wconf 89' lang='lat' dir='ltr'><strong>initium</strong></span> <span class='ocrx_word' id='word_1_274' title='bbox 2294 2877 2542 2960; x_wconf 86' lang='lat' dir='ltr'><strong>fecisse,</strong></span> <span class='ocrx_word' id='word_1_275' title='bbox 2612 2884 2942 2944; x_wconf 84' lang='lat' dir='ltr'><strong>accusator</strong></span> <span class='ocrx_word' id='word_1_276' title='bbox 3004 2874 3361 2962; x_wconf 83' lang='lat' dir='ltr'><strong>praefi-acte</strong></span> <span class='ocrx_word' id='word_1_277' title='bbox 3417 2883 3632 2960; x_wconf 82' lang='lat' dir='ltr'><strong>negat.</strong></span> <span class='ocrx_word' id='word_1_278' title='bbox 3734 2872 3911 2941; x_wconf 88' lang='lat' dir='ltr'><strong>Nihil</strong></span> 
     </span>
     <span class='ocr_line' id='line_1_23' title="bbox 499 2980 3907 3070; baseline 0.001 -25"><span class='ocrx_word' id='word_1_279' title='bbox 499 2980 696 3063; x_wconf 80' lang='lat' dir='ltr'><strong>igitur</strong></span> <span class='ocrx_word' id='word_1_280' title='bbox 713 3001 860 3046; x_wconf 84' lang='lat' dir='ltr'><strong>reus</strong></span> <span class='ocrx_word' id='word_1_281' title='bbox 879 2980 1273 3068; x_wconf 78' lang='lat' dir='ltr'><strong>profecisset,</strong></span> <span class='ocrx_word' id='word_1_282' title='bbox 1319 2984 1375 3049; x_wconf 90' lang='lat' dir='ltr'><strong>si</strong></span> <span class='ocrx_word' id='word_1_283' title='bbox 1397 2983 1544 3069; x_wconf 86' lang='lat' dir='ltr'><strong>lege</strong></span> <span class='ocrx_word' id='word_1_284' title='bbox 1588 2984 1700 3049; x_wconf 84' lang='lat' dir='ltr'><strong>illa</strong></span> <span class='ocrx_word' id='word_1_285' title='bbox 1743 3004 1891 3049; x_wconf 88' lang='lat' dir='ltr'><strong>usus</strong></span> <span class='ocrx_word' id='word_1_286' title='bbox 1914 2984 2042 3049; x_wconf 88' lang='lat' dir='ltr'><strong>alia</strong></span> <span class='ocrx_word' id='word_1_287' title='bbox 2063 2990 2433 3068; x_wconf 80' lang='lat' dir='ltr'><strong>argumenta</strong></span> <span class='ocrx_word' id='word_1_288' title='bbox 2453 3004 2581 3049; x_wconf 87' lang='lat' dir='ltr'><strong>non</strong></span> <span class='ocrx_word' id='word_1_289' title='bbox 2602 2982 2991 3070; x_wconf 82' lang='lat' dir='ltr'><strong>protulisset.</strong></span> <span class='ocrx_word' id='word_1_290' title='bbox 3080 2980 3353 3048; x_wconf 84' lang='lat' dir='ltr'><strong>Tantum</strong></span> <span class='ocrx_word' id='word_1_291' title='bbox 3396 2983 3600 3065; x_wconf 87' lang='lat' dir='ltr'><strong>abest,</strong></span> <span class='ocrx_word' id='word_1_292' title='bbox 3648 2989 3717 3048; x_wconf 89' lang='lat' dir='ltr'><strong>ut</strong></span> <span class='ocrx_word' id='word_1_293' title='bbox 3760 2982 3907 3069; x_wconf 81' lang='lat' dir='ltr'><strong>lege</strong></span> 
     </span>
     <span class='ocr_line' id='line_1_24' title="bbox 502 3082 3908 3176; baseline 0.002 -25"><span class='ocrx_word' id='word_1_294' title='bbox 502 3085 632 3167; x_wconf 92' lang='lat' dir='ltr'><strong>illa,</strong></span> <span class='ocrx_word' id='word_1_295' title='bbox 681 3105 806 3170; x_wconf 85' lang='lat' dir='ltr'><strong>qua</strong></span> <span class='ocrx_word' id='word_1_296' title='bbox 850 3082 1057 3173; x_wconf 88' lang='grc' dir='ltr'><strong><em>φόνον</em></strong></span> <span class='ocrx_word' id='word_1_297' title='bbox 1103 3089 1354 3154; x_wconf 79' lang='grc' dir='ltr'><strong><em>δίκαιον</em></strong></span> <span class='ocrx_word' id='word_1_298' title='bbox 1398 3108 1468 3154; x_wconf 88' lang='lat' dir='ltr'><strong>se</strong></span> <span class='ocrx_word' id='word_1_299' title='bbox 1515 3090 1898 3156; x_wconf 88' lang='lat' dir='ltr'><strong>commisisse</strong></span> <span class='ocrx_word' id='word_1_300' title='bbox 1941 3098 2197 3176; x_wconf 87' lang='lat' dir='ltr'><strong>poterat</strong></span> <span class='ocrx_word' id='word_1_301' title='bbox 2242 3090 2648 3174; x_wconf 82' lang='lat' dir='ltr'><strong>contendere,</strong></span> <span class='ocrx_word' id='word_1_302' title='bbox 2703 3090 2960 3173; x_wconf 77' lang='lat' dir='ltr'><strong>nitatur,</strong></span> <span class='ocrx_word' id='word_1_303' title='bbox 3015 3097 3089 3155; x_wconf 90' lang='lat' dir='ltr'><strong>ut</strong></span> <span class='ocrx_word' id='word_1_304' title='bbox 3131 3096 3397 3155; x_wconf 88' lang='lat' dir='ltr'><strong>mortem</strong></span> <span class='ocrx_word' id='word_1_305' title='bbox 3440 3090 3611 3156; x_wconf 87' lang='lat' dir='ltr'><strong>senis</strong></span> <span class='ocrx_word' id='word_1_306' title='bbox 3655 3089 3908 3157; x_wconf 89' lang='lat' dir='ltr'><strong>omnino</strong></span> 
     </span>
     <span class='ocr_line' id='line_1_25' title="bbox 503 3191 3911 3281; baseline 0.002 -24"><span class='ocrx_word' id='word_1_307' title='bbox 503 3191 587 3257; x_wconf 89' lang='lat' dir='ltr'><strong>ad</strong></span> <span class='ocrx_word' id='word_1_308' title='bbox 631 3212 701 3259; x_wconf 87' lang='lat' dir='ltr'><strong>se</strong></span> <span class='ocrx_word' id='word_1_309' title='bbox 744 3212 872 3258; x_wconf 92' lang='lat' dir='ltr'><strong>non</strong></span> <span class='ocrx_word' id='word_1_310' title='bbox 915 3193 1240 3279; x_wconf 86' lang='lat' dir='ltr'><strong>pertinere</strong></span> <span class='ocrx_word' id='word_1_311' title='bbox 1286 3193 1716 3262; x_wconf 81' lang='lat' dir='ltr'><strong>demonstrare</strong></span> <span class='ocrx_word' id='word_1_312' title='bbox 1761 3196 2035 3263; x_wconf 85' lang='lat' dir='ltr'><strong>studeat.</strong></span> <span class='ocrx_word' id='word_1_313' title='bbox 2125 3196 2335 3263; x_wconf 82' lang='lat' dir='ltr'><strong>Etiam</strong></span> <span class='ocrx_word' id='word_1_314' title='bbox 2377 3196 2445 3261; x_wconf 91' lang='lat' dir='ltr'><strong>in</strong></span> <span class='ocrx_word' id='word_1_315' title='bbox 2468 3196 2711 3263; x_wconf 86' lang='lat' dir='ltr'><strong>duabus</strong></span> <span class='ocrx_word' id='word_1_316' title='bbox 2740 3197 2973 3263; x_wconf 84' lang='lat' dir='ltr'><strong>ceteris</strong></span> <span class='ocrx_word' id='word_1_317' title='bbox 3003 3196 3357 3281; x_wconf 83' lang='lat' dir='ltr'><strong>tetralogiis</strong></span> <span class='ocrx_word' id='word_1_318' title='bbox 3387 3196 3454 3280; x_wconf 91' lang='lat' dir='ltr'><strong>ii,</strong></span> <span class='ocrx_word' id='word_1_319' title='bbox 3488 3196 3596 3281; x_wconf 91' lang='lat' dir='ltr'><strong>qui</strong></span> <span class='ocrx_word' id='word_1_320' title='bbox 3626 3198 3911 3263; x_wconf 87' lang='lat' dir='ltr'><strong>accusati</strong></span> 
     </span>
     <span class='ocr_line' id='line_1_26' title="bbox 503 3298 3911 3389; baseline 0.002 -26"><span class='ocrx_word' id='word_1_321' title='bbox 503 3308 666 3381; x_wconf 89' lang='lat' dir='ltr'><strong>sunt,</strong></span> <span class='ocrx_word' id='word_1_322' title='bbox 712 3298 957 3367; x_wconf 84' lang='lat' dir='ltr'><strong>facinus</strong></span> <span class='ocrx_word' id='word_1_323' title='bbox 1001 3300 1252 3368; x_wconf 90' lang='lat' dir='ltr'><strong>omnino</strong></span> <span class='ocrx_word' id='word_1_324' title='bbox 1298 3302 1381 3367; x_wconf 87' lang='lat' dir='ltr'><strong>ad</strong></span> <span class='ocrx_word' id='word_1_325' title='bbox 1425 3322 1494 3369; x_wconf 90' lang='lat' dir='ltr'><strong>se</strong></span> <span class='ocrx_word' id='word_1_326' title='bbox 1539 3302 1862 3389; x_wconf 89' lang='lat' dir='ltr'><strong>pertinere</strong></span> <span class='ocrx_word' id='word_1_327' title='bbox 1908 3310 2162 3387; x_wconf 84' lang='lat' dir='ltr'><strong>negant,</strong></span> <span class='ocrx_word' id='word_1_328' title='bbox 2206 3303 2377 3387; x_wconf 88' lang='lat' dir='ltr'><strong>quod</strong></span> <span class='ocrx_word' id='word_1_329' title='bbox 2420 3303 2504 3369; x_wconf 86' lang='lat' dir='ltr'><strong>ad</strong></span> <span class='ocrx_word' id='word_1_330' title='bbox 2542 3312 2828 3369; x_wconf 84' lang='lat' dir='ltr'><strong>naturam</strong></span> <span class='ocrx_word' id='word_1_331' title='bbox 2856 3311 3049 3389; x_wconf 85' lang='lat' dir='ltr'><strong>atque</strong></span> <span class='ocrx_word' id='word_1_332' title='bbox 3076 3303 3355 3369; x_wconf 86' lang='lat' dir='ltr'><strong>indolem</strong></span> <span class='ocrx_word' id='word_1_333' title='bbox 3384 3302 3911 3371; x_wconf 72' lang='lat' dir='ltr'><strong>declamationum</strong></span> 
     </span>
     <span class='ocr_line' id='line_1_27' title="bbox 501 3406 3909 3496; baseline 0.002 -25"><span class='ocrx_word' id='word_1_334' title='bbox 501 3424 761 3493; x_wconf 87' lang='lat' dir='ltr'><strong>prorsus</strong></span> <span class='ocrx_word' id='word_1_335' title='bbox 806 3406 1276 3473; x_wconf 86' lang='lat' dir='ltr'><strong>accomodatum</strong></span> <span class='ocrx_word' id='word_1_336' title='bbox 1321 3419 1441 3476; x_wconf 88' lang='lat' dir='ltr'><strong>est.</strong></span> <span class='ocrx_word' id='word_1_337' title='bbox 1533 3408 1613 3475; x_wconf 87' lang='lat' dir='ltr'><strong>Id</strong></span> <span class='ocrx_word' id='word_1_338' title='bbox 1655 3410 1712 3475; x_wconf 91' lang='lat' dir='ltr'><strong>si</strong></span> <span class='ocrx_word' id='word_1_339' title='bbox 1755 3409 1962 3475; x_wconf 86' lang='lat' dir='ltr'><strong>animo</strong></span> <span class='ocrx_word' id='word_1_340' title='bbox 2005 3409 2380 3492; x_wconf 86' lang='lat' dir='ltr'><strong>tenebimus,</strong></span> <span class='ocrx_word' id='word_1_341' title='bbox 2428 3410 2620 3475; x_wconf 84' lang='lat' dir='ltr'><strong>etiam</strong></span> <span class='ocrx_word' id='word_1_342' title='bbox 2648 3409 2841 3493; x_wconf 86' lang='lat' dir='ltr'><strong>aliud,</strong></span> <span class='ocrx_word' id='word_1_343' title='bbox 2888 3410 2955 3475; x_wconf 90' lang='lat' dir='ltr'><strong>in</strong></span> <span class='ocrx_word' id='word_1_344' title='bbox 2984 3429 3108 3494; x_wconf 88' lang='lat' dir='ltr'><strong>quo</strong></span> <span class='ocrx_word' id='word_1_345' title='bbox 3138 3410 3259 3475; x_wconf 84' lang='lat' dir='ltr'><strong>viri</strong></span> <span class='ocrx_word' id='word_1_346' title='bbox 3290 3410 3463 3477; x_wconf 88' lang='lat' dir='ltr'><strong>docti</strong></span> <span class='ocrx_word' id='word_1_347' title='bbox 3492 3411 3909 3496; x_wconf 83' lang='lat' dir='ltr'><strong>offenderunt,</strong></span> 
     </span>
     <span class='ocr_line' id='line_1_28' title="bbox 502 3512 3913 3639; baseline 0.001 -61"><span class='ocrx_word' id='word_1_348' title='bbox 502 3514 722 3579; x_wconf 89' lang='lat' dir='ltr'><strong>mirum</strong></span> <span class='ocrx_word' id='word_1_349' title='bbox 783 3512 909 3577; x_wconf 89' lang='lat' dir='ltr'><strong>iam</strong></span> <span class='ocrx_word' id='word_1_350' title='bbox 972 3533 1114 3579; x_wconf 83' lang='lat' dir='ltr'><strong>esse</strong></span> <span class='ocrx_word' id='word_1_351' title='bbox 1175 3534 1303 3581; x_wconf 89' lang='lat' dir='ltr'><strong>non</strong></span> <span class='ocrx_word' id='word_1_352' title='bbox 1365 3522 1604 3639; x_wconf 69' lang='lat' dir='ltr'><strong>potest.</strong></span> <span class='ocrx_word' id='word_1_353' title='bbox 1714 3516 1790 3581; x_wconf 88' lang='lat' dir='ltr'><strong>In</strong></span> <span class='ocrx_word' id='word_1_354' title='bbox 1848 3514 1974 3581; x_wconf 87' lang='lat' dir='ltr'><strong>fine</strong></span> <span class='ocrx_word' id='word_1_355' title='bbox 2019 3514 2397 3601; x_wconf 77' lang='lat' dir='ltr'><strong>teu-alogiae</strong></span> <span class='ocrx_word' id='word_1_356' title='bbox 2443 3514 2687 3603; x_wconf 76' lang='grc' dir='ltr'>(ΓδΙΟ)</span> <span class='ocrx_word' id='word_1_357' title='bbox 2732 3518 2892 3583; x_wconf 87' lang='lat' dir='ltr'><strong>haec</strong></span> <span class='ocrx_word' id='word_1_358' title='bbox 2935 3517 3175 3603; x_wconf 85' lang='lat' dir='ltr'><strong>scripta</strong></span> <span class='ocrx_word' id='word_1_359' title='bbox 3218 3524 3391 3583; x_wconf 88' lang='lat' dir='ltr'><strong>sunt:</strong></span> <span class='ocrx_word' id='word_1_360' title='bbox 3440 3512 3677 3583; x_wconf 84' lang='grc' dir='ltr'><strong><em>ουτωσὶ</em></strong></span> <span class='ocrx_word' id='word_1_361' title='bbox 3723 3514 3795 3583; x_wconf 78' lang='grc' dir='ltr'><strong>δὲ</strong></span> <span class='ocrx_word' id='word_1_362' title='bbox 3838 3514 3913 3583; x_wconf 69' lang='grc' dir='ltr'><strong>ἐκ</strong></span> 
     </span>
     <span class='ocr_line' id='line_1_29' title="bbox 505 3712 3915 3813; baseline 0.004 -28"><span class='ocrx_word' id='word_1_363' title='bbox 505 3716 725 3805; x_wconf 81' lang='grc' dir='ltr'><strong><em>αυτοῦ,</em></strong></span> <span class='ocrx_word' id='word_1_364' title='bbox 769 3748 858 3807; x_wconf 82' lang='grc' dir='ltr'><strong><em>μν</em></strong></span> <span class='ocrx_word' id='word_1_365' title='bbox 899 3722 1012 3790; x_wconf 83' lang='grc' dir='ltr'><strong>τόν</strong></span> <span class='ocrx_word' id='word_1_366' title='bbox 1058 3727 1268 3810; x_wconf 78' lang='grc' dir='ltr'><strong><em>φονέα</em></strong></span> <span class='ocrx_word' id='word_1_367' title='bbox 1312 3724 1661 3810; x_wconf 80' lang='grc' dir='ltr'><strong><em>ζητοῦντας</em></strong></span> <span class='ocrx_word' id='word_1_368' title='bbox 1706 3722 2004 3804; x_wconf 75' lang='grc' dir='ltr'><strong><em>κολάζειν</em></strong></span> <span class='ocrx_word' id='word_1_369' title='bbox 2047 3724 2160 3793; x_wconf 80' lang='grc' dir='ltr'><strong>τόν</strong></span> <span class='ocrx_word' id='word_1_370' title='bbox 2199 3725 2501 3813; x_wconf 78' lang='grc' dir='ltr'><strong><em>καθαρόν</em></strong></span> <span class='ocrx_word' id='word_1_371' title='bbox 2531 3722 2945 3796; x_wconf 57' lang='lat' dir='ltr'><strong>dume-mv»</strong></span> <span class='ocrx_word' id='word_1_372' title='bbox 2990 3779 3009 3797; x_wconf 97' lang='lat'><strong>.</strong></span> <span class='ocrx_word' id='word_1_373' title='bbox 3054 3776 3073 3795; x_wconf 95' lang='lat'><strong>.</strong></span> <span class='ocrx_word' id='word_1_374' title='bbox 3123 3777 3140 3796; x_wconf 89' lang='lat'><strong>.</strong></span> <span class='ocrx_word' id='word_1_375' title='bbox 3188 3780 3205 3797; x_wconf 95' lang='lat'><strong>.</strong></span> <span class='ocrx_word' id='word_1_376' title='bbox 3250 3736 3456 3800; x_wconf 73' lang='grc' dir='ltr'><strong><em>ταῦτα</em></strong></span> <span class='ocrx_word' id='word_1_377' title='bbox 3486 3712 3605 3796; x_wconf 78' lang='grc' dir='ltr'><strong>οὖν</strong></span> <span class='ocrx_word' id='word_1_378' title='bbox 3635 3728 3915 3808; x_wconf 76' lang='grc' dir='ltr'><strong>δεδιότες</strong></span> 
     </span>
     <span class='ocr_line' id='line_1_30' title="bbox 505 3822 3909 3925; baseline 0.004 -36"><span class='ocrx_word' id='word_1_379' title='bbox 505 3824 621 3893; x_wconf 82' lang='grc' dir='ltr'><strong>τόν</strong></span> <span class='ocrx_word' id='word_1_380' title='bbox 688 3826 806 3909; x_wconf 83' lang='grc' dir='ltr'><strong><em>μὲν</em></strong></span> <span class='ocrx_word' id='word_1_381' title='bbox 869 3825 1170 3914; x_wconf 73' lang='grc' dir='ltr'><strong><em>καθαρὸν</em></strong></span> <span class='ocrx_word' id='word_1_382' title='bbox 1237 3826 1547 3915; x_wconf 75' lang='grc' dir='ltr'><strong><em>νμέτερον</em></strong></span> <span class='ocrx_word' id='word_1_383' title='bbox 1611 3827 1879 3917; x_wconf 72' lang='grc' dir='ltr'><strong><em>ἡγεῖσθε</em></strong></span> <span class='ocrx_word' id='word_1_384' title='bbox 1943 3822 2112 3899; x_wconf 81' lang='grc' dir='ltr'><strong><em>εἶναι</em></strong></span> <span class='ocrx_word' id='word_1_385' title='bbox 2175 3829 2483 3903; x_wconf 75' lang='grc' dir='ltr'><strong><em>ἀπολύειν</em></strong></span> <span class='ocrx_word' id='word_1_386' title='bbox 2544 3836 2665 3925; x_wconf 79' lang='grc' dir='ltr'><strong>τῆς</strong></span> <span class='ocrx_word' id='word_1_387' title='bbox 2714 3835 2946 3913; x_wconf 75' lang='grc' dir='ltr'><strong><em>αἰτίας,</em></strong></span> <span class='ocrx_word' id='word_1_388' title='bbox 3003 3858 3117 3903; x_wconf 88' lang='grc' dir='ltr'><strong>τον</strong></span> <span class='ocrx_word' id='word_1_389' title='bbox 3162 3832 3235 3903; x_wconf 86' lang='grc' dir='ltr'><strong>δε</strong></span> <span class='ocrx_word' id='word_1_390' title='bbox 3276 3832 3512 3921; x_wconf 69' lang='grc' dir='ltr'><strong><em>μιαρόν</em></strong></span> <span class='ocrx_word' id='word_1_391' title='bbox 3554 3836 3653 3925; x_wconf 65' lang='grc' dir='ltr'><strong><em>τῷ</em></strong></span> <span class='ocrx_word' id='word_1_392' title='bbox 3694 3831 3909 3925; x_wconf 72' lang='grc' dir='ltr'><strong><em>χρόνῳ</em></strong></span> 
     </span>
     <span class='ocr_line' id='line_1_31' title="bbox 505 3924 3913 4031; baseline 0.004 -34"><span class='ocrx_word' id='word_1_393' title='bbox 505 3924 869 4008; x_wconf 85' lang='grc' dir='ltr'><strong><em>αποδόντες</em></strong></span> <span class='ocrx_word' id='word_1_394' title='bbox 912 3938 1120 4025; x_wconf 84' lang='grc' dir='ltr'><strong><em>φῆναι</em></strong></span> <span class='ocrx_word' id='word_1_395' title='bbox 1159 3944 1294 4010; x_wconf 81' lang='grc' dir='ltr'><strong><em>τοῖς</em></strong></span> <span class='ocrx_word' id='word_1_396' title='bbox 1336 3933 1585 4019; x_wconf 79' lang='grc' dir='ltr'><strong><em>ἔγγιστα</em></strong></span> <span class='ocrx_word' id='word_1_397' title='bbox 1628 3942 2056 4023; x_wconf 73' lang='grc' dir='ltr'><strong><em>τιμωρεῖσθαι</em></strong></span> <span class='ocrx_word' id='word_1_398' title='bbox 2095 3966 2135 4006; x_wconf 79' lang='grc' dir='ltr'><strong><em>υ</em></strong></span> <span class='ocrx_word' id='word_1_399' title='bbox 2117 3936 2509 4008; x_wconf 57' lang='lat' dir='ltr'><strong>ineassum.</strong></span> <span class='ocrx_word' id='word_1_400' title='bbox 2601 3941 2777 4021; x_wconf 84' lang='lat' dir='ltr'><strong>Quae</strong></span> <span class='ocrx_word' id='word_1_401' title='bbox 2829 3946 3026 4011; x_wconf 84' lang='lat' dir='ltr'><strong>verba</strong></span> <span class='ocrx_word' id='word_1_402' title='bbox 3078 3963 3335 4031; x_wconf 87' lang='lat' dir='ltr'><strong>prorsus</strong></span> <span class='ocrx_word' id='word_1_403' title='bbox 3388 3943 3599 4010; x_wconf 82' lang='lat' dir='ltr'><strong>aliena</strong></span> <span class='ocrx_word' id='word_1_404' title='bbox 3641 3964 3783 4011; x_wconf 89' lang='lat' dir='ltr'><strong>esse</strong></span> <span class='ocrx_word' id='word_1_405' title='bbox 3828 3944 3913 4011; x_wconf 88' lang='lat' dir='ltr'><strong>ab</strong></span> 
     </span>
     <span class='ocr_line' id='line_1_32' title="bbox 506 4038 3913 4135; baseline 0.004 -30"><span class='ocrx_word' id='word_1_406' title='bbox 506 4038 626 4104; x_wconf 86' lang='lat' dir='ltr'><strong>hac</strong></span> <span class='ocrx_word' id='word_1_407' title='bbox 693 4040 1030 4127; x_wconf 80' lang='lat' dir='ltr'><strong>tetralogia</strong></span> <span class='ocrx_word' id='word_1_408' title='bbox 1093 4040 1392 4109; x_wconf 87' lang='lat' dir='ltr'><strong>Reiskius</strong></span> <span class='ocrx_word' id='word_1_409' title='bbox 1461 4054 1530 4109; x_wconf 91' lang='lat' dir='ltr'><strong>et</strong></span> <span class='ocrx_word' id='word_1_410' title='bbox 1590 4040 1967 4129; x_wconf 85' lang='lat' dir='ltr'><strong>Spengelius</strong></span> <span class='ocrx_word' id='word_1_411' title='bbox 2032 4058 2441 4133; x_wconf 81' lang='lat' dir='ltr'><strong>putaverunt3</strong></span> <span class='ocrx_word' id='word_1_412' title='bbox 2509 4049 2793 4117; x_wconf 83' lang='lat' dir='ltr'><strong>Blassius</strong></span> <span class='ocrx_word' id='word_1_413' title='bbox 2859 4051 2939 4117; x_wconf 88' lang='lat' dir='ltr'><strong>iis</strong></span> <span class='ocrx_word' id='word_1_414' title='bbox 3006 4070 3299 4117; x_wconf 87' lang='lat' dir='ltr'><strong>assensus</strong></span> <span class='ocrx_word' id='word_1_415' title='bbox 3367 4058 3487 4133; x_wconf 89' lang='lat' dir='ltr'><strong>est,</strong></span> <span class='ocrx_word' id='word_1_416' title='bbox 3555 4072 3913 4135; x_wconf 83' lang='lat' dir='ltr'><strong>quanquam</strong></span> 
     </span>
     <span class='ocr_line' id='line_1_33' title="bbox 506 4145 3910 4244; baseline 0.004 -34"><span class='ocrx_word' id='word_1_417' title='bbox 506 4145 834 4212; x_wconf 81' lang='lat' dir='ltr'><strong>Maetzner</strong></span> <span class='ocrx_word' id='word_1_418' title='bbox 873 4148 1222 4214; x_wconf 76' lang='lat' dir='ltr'><strong>rectissime.</strong></span> <span class='ocrx_word' id='word_1_419' title='bbox 1265 4147 1515 4216; x_wconf 87' lang='lat' dir='ltr'><strong>Reiskii</strong></span> <span class='ocrx_word' id='word_1_420' title='bbox 1559 4152 1936 4217; x_wconf 85' lang='lat' dir='ltr'><strong>sententiam</strong></span> <span class='ocrx_word' id='word_1_421' title='bbox 1978 4156 2311 4223; x_wconf 85' lang='lat' dir='ltr'><strong>reiecerat.</strong></span> <span class='ocrx_word' id='word_1_422' title='bbox 2409 4153 2631 4243; x_wconf 88' lang='lat' dir='ltr'><strong>Nuper</strong></span> <span class='ocrx_word' id='word_1_423' title='bbox 2674 4156 2956 4244; x_wconf 88' lang='lat' dir='ltr'><strong>Philippi</strong></span> <span class='ocrx_word' id='word_1_424' title='bbox 2998 4177 3112 4225; x_wconf 91' lang='lat' dir='ltr'><strong>suo</strong></span> <span class='ocrx_word' id='word_1_425' title='bbox 3156 4158 3298 4224; x_wconf 91' lang='lat' dir='ltr'><strong>loco</strong></span> <span class='ocrx_word' id='word_1_426' title='bbox 3343 4158 3503 4225; x_wconf 85' lang='lat' dir='ltr'><strong>haec</strong></span> <span class='ocrx_word' id='word_1_427' title='bbox 3548 4158 3723 4225; x_wconf 78' lang='lat' dir='ltr'><strong>dicta</strong></span> <span class='ocrx_word' id='word_1_428' title='bbox 3766 4178 3910 4225; x_wconf 87' lang='lat' dir='ltr'><strong>esse</strong></span> 
     </span>
     <span class='ocr_line' id='line_1_34' title="bbox 507 4252 3911 4351; baseline 0.004 -34"><span class='ocrx_word' id='word_1_429' title='bbox 507 4252 980 4337; x_wconf 83' lang='lat' dir='ltr'><strong>demonstravit,</strong></span> <span class='ocrx_word' id='word_1_430' title='bbox 1029 4274 1167 4320; x_wconf 89' lang='lat' dir='ltr'><strong>cum</strong></span> <span class='ocrx_word' id='word_1_431' title='bbox 1211 4254 1478 4323; x_wconf 90' lang='lat' dir='ltr'><strong>Bothius</strong></span> <span class='ocrx_word' id='word_1_432' title='bbox 1523 4257 1713 4323; x_wconf 85' lang='lat' dir='ltr'><strong>etiam</strong></span> <span class='ocrx_word' id='word_1_433' title='bbox 1753 4279 1920 4326; x_wconf 89' lang='lat' dir='ltr'><strong>nunc</strong></span> <span class='ocrx_word' id='word_1_434' title='bbox 1948 4258 2196 4327; x_wconf 85' lang='lat' dir='ltr'><strong>Reiskii</strong></span> <span class='ocrx_word' id='word_1_435' title='bbox 2241 4264 2621 4330; x_wconf 87' lang='lat' dir='ltr'><strong>sententiam</strong></span> <span class='ocrx_word' id='word_1_436' title='bbox 2664 4272 2991 4349; x_wconf 86' lang='lat' dir='ltr'><strong>sequatur;</strong></span> <span class='ocrx_word' id='word_1_437' title='bbox 3037 4265 3196 4331; x_wconf 92' lang='lat' dir='ltr'><strong>dicit</strong></span> <span class='ocrx_word' id='word_1_438' title='bbox 3224 4266 3390 4331; x_wconf 90' lang='lat' dir='ltr'><strong>enim</strong></span> <span class='ocrx_word' id='word_1_439' title='bbox 3420 4287 3485 4351; x_wconf 89' lang='lat' dir='ltr'><strong>p.</strong></span> <span class='ocrx_word' id='word_1_440' title='bbox 3520 4264 3589 4330; x_wconf 75' lang='lat'><strong>7:</strong></span> <span class='ocrx_word' id='word_1_441' title='bbox 3638 4264 3911 4347; x_wconf 81' lang='lat' dir='ltr'><strong>„tertiae</strong></span> 
     </span>
     <span class='ocr_line' id='line_1_35' title="bbox 502 4360 3907 4456; baseline 0.004 -31"><span class='ocrx_word' id='word_1_442' title='bbox 502 4360 880 4446; x_wconf 76' lang='lat' dir='ltr'><strong>teti-alogiae</strong></span> <span class='ocrx_word' id='word_1_443' title='bbox 924 4361 1211 4447; x_wconf 82' lang='lat' dir='ltr'><strong>epilogus</strong></span> <span class='ocrx_word' id='word_1_444' title='bbox 1254 4382 1511 4449; x_wconf 89' lang='lat' dir='ltr'><strong>prorsus</strong></span> <span class='ocrx_word' id='word_1_445' title='bbox 1555 4385 1682 4430; x_wconf 89' lang='lat' dir='ltr'><strong>non</strong></span> <span class='ocrx_word' id='word_1_446' title='bbox 1727 4385 1868 4431; x_wconf 89' lang='lat' dir='ltr'><strong>cum</strong></span> <span class='ocrx_word' id='word_1_447' title='bbox 1912 4387 1990 4433; x_wconf 87' lang='lat' dir='ltr'><strong>ea</strong></span> <span class='ocrx_word' id='word_1_448' title='bbox 2033 4388 2382 4454; x_wconf 78' lang='lat' dir='ltr'><strong>congruere</strong></span> <span class='ocrx_word' id='word_1_449' title='bbox 2424 4369 2743 4437; x_wconf 86' lang='lat' dir='ltr'><strong>videtur.“</strong></span> <span class='ocrx_word' id='word_1_450' title='bbox 2832 4369 3035 4438; x_wconf 88' lang='lat' dir='ltr'><strong>Nobis</strong></span> <span class='ocrx_word' id='word_1_451' title='bbox 3078 4372 3331 4456; x_wconf 88' lang='lat' dir='ltr'><strong>quidem</strong></span> <span class='ocrx_word' id='word_1_452' title='bbox 3374 4372 3451 4454; x_wconf 88' lang='lat' dir='ltr'><strong>is,</strong></span> <span class='ocrx_word' id='word_1_453' title='bbox 3499 4372 3607 4456; x_wconf 89' lang='lat' dir='ltr'><strong>qui</strong></span> <span class='ocrx_word' id='word_1_454' title='bbox 3636 4371 3907 4437; x_wconf 83' lang='lat' dir='ltr'><strong>verbera</strong></span> 
     </span>
     <span class='ocr_line' id='line_1_36' title="bbox 506 4468 3905 4561; baseline 0.004 -29"><span class='ocrx_word' id='word_1_455' title='bbox 506 4468 720 4533; x_wconf 88' lang='lat' dir='ltr'><strong>attulit</strong></span> <span class='ocrx_word' id='word_1_456' title='bbox 784 4468 940 4550; x_wconf 87' lang='lat' dir='ltr'><strong>seni,</strong></span> <span class='ocrx_word' id='word_1_457' title='bbox 1009 4476 1230 4535; x_wconf 83' lang='lat' dir='ltr'><strong>auctor</strong></span> <span class='ocrx_word' id='word_1_458' title='bbox 1273 4468 1523 4536; x_wconf 84' lang='lat' dir='ltr'><strong>videtur</strong></span> <span class='ocrx_word' id='word_1_459' title='bbox 1589 4470 1798 4553; x_wconf 82' lang='lat' dir='ltr'><strong>fuisse,</strong></span> <span class='ocrx_word' id='word_1_460' title='bbox 1864 4482 1935 4539; x_wconf 89' lang='lat' dir='ltr'><strong>ut</strong></span> <span class='ocrx_word' id='word_1_461' title='bbox 1977 4474 2088 4540; x_wconf 88' lang='lat' dir='ltr'><strong>ille</strong></span> <span class='ocrx_word' id='word_1_462' title='bbox 2133 4484 2499 4560; x_wconf 81' lang='lat' dir='ltr'><strong>moreretur,</strong></span> <span class='ocrx_word' id='word_1_463' title='bbox 2554 4478 2671 4543; x_wconf 90' lang='lat' dir='ltr'><strong>sed</strong></span> <span class='ocrx_word' id='word_1_464' title='bbox 2720 4499 2849 4544; x_wconf 89' lang='lat' dir='ltr'><strong>nou</strong></span> <span class='ocrx_word' id='word_1_465' title='bbox 2892 4487 3189 4546; x_wconf 83' lang='lat' dir='ltr'><strong>accusato</strong></span> <span class='ocrx_word' id='word_1_466' title='bbox 3232 4479 3341 4544; x_wconf 82' lang='lat' dir='ltr'><strong>vel</strong></span> <span class='ocrx_word' id='word_1_467' title='bbox 3384 4477 3703 4544; x_wconf 86' lang='lat' dir='ltr'><strong>defensori</strong></span> <span class='ocrx_word' id='word_1_468' title='bbox 3746 4478 3905 4561; x_wconf 88' lang='lat' dir='ltr'><strong>eius,</strong></span> 
     </span>
     <span class='ocr_line' id='line_1_37' title="bbox 507 4574 3905 4672; baseline 0.003 -31"><span class='ocrx_word' id='word_1_469' title='bbox 507 4574 614 4658; x_wconf 88' lang='lat' dir='ltr'><strong>qui</strong></span> <span class='ocrx_word' id='word_1_470' title='bbox 659 4574 912 4641; x_wconf 81' lang='lat' dir='ltr'><strong>disertis</strong></span> <span class='ocrx_word' id='word_1_471' title='bbox 955 4576 1170 4642; x_wconf 84' lang='lat' dir='ltr'><strong>verbis</strong></span> <span class='ocrx_word' id='word_1_472' title='bbox 1215 4574 1409 4663; x_wconf 57' lang='lat'><strong>(1734,</strong></span> <span class='ocrx_word' id='word_1_473' title='bbox 1455 4574 1628 4663; x_wconf 84' lang='grc' dir='ltr'><strong>Γδ8)</strong></span> <span class='ocrx_word' id='word_1_474' title='bbox 1673 4587 1742 4645; x_wconf 90' lang='lat' dir='ltr'><strong>et</strong></span> <span class='ocrx_word' id='word_1_475' title='bbox 1783 4581 2092 4647; x_wconf 87' lang='lat' dir='ltr'><strong>medicum</strong></span> <span class='ocrx_word' id='word_1_476' title='bbox 2135 4590 2205 4649; x_wconf 90' lang='lat' dir='ltr'><strong>et</strong></span> <span class='ocrx_word' id='word_1_477' title='bbox 2246 4584 2637 4672; x_wconf 87' lang='lat' dir='ltr'><strong>propinquos</strong></span> <span class='ocrx_word' id='word_1_478' title='bbox 2690 4585 2918 4651; x_wconf 88' lang='lat' dir='ltr'><strong>mortui</strong></span> <span class='ocrx_word' id='word_1_479' title='bbox 2968 4592 3261 4652; x_wconf 90' lang='lat' dir='ltr'><strong>auctores</strong></span> <span class='ocrx_word' id='word_1_480' title='bbox 3305 4584 3520 4653; x_wconf 87' lang='lat' dir='ltr'><strong>caedis</strong></span> <span class='ocrx_word' id='word_1_481' title='bbox 3564 4583 3757 4650; x_wconf 86' lang='lat' dir='ltr'><strong>fuisse</strong></span> <span class='ocrx_word' id='word_1_482' title='bbox 3802 4584 3905 4651; x_wconf 89' lang='lat' dir='ltr'><strong>de-</strong></span> 
     </span>
     <span class='ocr_line' id='line_1_38' title="bbox 506 4683 3915 4780; baseline 0.003 -33"><span class='ocrx_word' id='word_1_483' title='bbox 506 4690 855 4748; x_wconf 84' lang='lat' dir='ltr'><strong>monstrare</strong></span> <span class='ocrx_word' id='word_1_484' title='bbox 909 4683 1186 4750; x_wconf 86' lang='lat' dir='ltr'><strong>student.</strong></span> <span class='ocrx_word' id='word_1_485' title='bbox 1299 4684 1524 4769; x_wconf 86' lang='lat' dir='ltr'><strong>Itaque</strong></span> <span class='ocrx_word' id='word_1_486' title='bbox 1576 4686 1775 4751; x_wconf 84' lang='lat' dir='ltr'><strong>verba</strong></span> <span class='ocrx_word' id='word_1_487' title='bbox 1817 4686 1930 4753; x_wconf 82' lang='lat' dir='ltr'><strong>illa</strong></span> <span class='ocrx_word' id='word_1_488' title='bbox 1972 4684 2110 4775; x_wconf 80' lang='grc' dir='ltr'><strong><em>(τόν</em></strong></span> <span class='ocrx_word' id='word_1_489' title='bbox 2154 4685 2393 4775; x_wconf 74' lang='grc' dir='ltr'><strong><em>μιαρόν</em></strong></span> <span class='ocrx_word' id='word_1_490' title='bbox 2436 4692 2531 4780; x_wconf 69' lang='grc' dir='ltr'><strong><em>τῷ</em></strong></span> <span class='ocrx_word' id='word_1_491' title='bbox 2572 4686 2786 4779; x_wconf 74' lang='grc' dir='ltr'><strong><em>χρόνῳ</em></strong></span> <span class='ocrx_word' id='word_1_492' title='bbox 2831 4686 3195 4765; x_wconf 81' lang='grc' dir='ltr'><strong><em>ἀποδόντες</em></strong></span> <span class='ocrx_word' id='word_1_493' title='bbox 3239 4692 3440 4779; x_wconf 72' lang='grc' dir='ltr'><strong><em>φῆναι</em></strong></span> <span class='ocrx_word' id='word_1_494' title='bbox 3479 4698 3615 4766; x_wconf 81' lang='grc' dir='ltr'><strong><em>τοῖς</em></strong></span> <span class='ocrx_word' id='word_1_495' title='bbox 3656 4687 3915 4775; x_wconf 78' lang='grc' dir='ltr'><strong><em>ἔγγιστα</em></strong></span> 
     </span>
     <span class='ocr_line' id='line_1_39' title="bbox 505 4780 3914 4886; baseline 0.004 -35"><span class='ocrx_word' id='word_1_496' title='bbox 505 4793 935 4875; x_wconf 73' lang='grc' dir='ltr'><strong><em>τιμωρεῖσθαι</em></strong></span> <span class='ocrx_word' id='word_1_497' title='bbox 1013 4780 1448 4877; x_wconf 74' lang='grc' dir='ltr'><strong><em>ὕπολείπετε)</em></strong></span> <span class='ocrx_word' id='word_1_498' title='bbox 1514 4792 1598 4859; x_wconf 88' lang='lat' dir='ltr'><strong>ad</strong></span> <span class='ocrx_word' id='word_1_499' title='bbox 1663 4793 1972 4859; x_wconf 90' lang='lat' dir='ltr'><strong>medicum</strong></span> <span class='ocrx_word' id='word_1_500' title='bbox 2039 4796 2145 4862; x_wconf 85' lang='lat' dir='ltr'><strong>vel</strong></span> <span class='ocrx_word' id='word_1_501' title='bbox 2226 4798 2312 4864; x_wconf 88' lang='lat' dir='ltr'><strong>ad</strong></span> <span class='ocrx_word' id='word_1_502' title='bbox 2376 4798 2551 4886; x_wconf 88' lang='lat' dir='ltr'><strong>ipsos</strong></span> <span class='ocrx_word' id='word_1_503' title='bbox 2609 4798 2997 4886; x_wconf 87' lang='lat' dir='ltr'><strong>propinquos</strong></span> <span class='ocrx_word' id='word_1_504' title='bbox 3061 4798 3395 4865; x_wconf 79' lang='lat' dir='ltr'><strong>referenda</strong></span> <span class='ocrx_word' id='word_1_505' title='bbox 3458 4807 3622 4865; x_wconf 88' lang='lat' dir='ltr'><strong>sunt.</strong></span> <span class='ocrx_word' id='word_1_506' title='bbox 3734 4794 3914 4877; x_wconf 84' lang='lat' dir='ltr'><strong>Quae</strong></span> 
     </span>
     <span class='ocr_line' id='line_1_40' title="bbox 508 4894 3911 4990; baseline 0.004 -30"><span class='ocrx_word' id='word_1_507' title='bbox 508 4894 855 4961; x_wconf 83' lang='lat' dir='ltr'><strong>Maetzneri</strong></span> <span class='ocrx_word' id='word_1_508' title='bbox 923 4898 1266 4985; x_wconf 84' lang='lat' dir='ltr'><strong>explicatio</strong></span> <span class='ocrx_word' id='word_1_509' title='bbox 1330 4897 1660 4987; x_wconf 87' lang='lat' dir='ltr'><strong>probanda</strong></span> <span class='ocrx_word' id='word_1_510' title='bbox 1730 4908 1850 4966; x_wconf 89' lang='lat' dir='ltr'><strong>est.</strong></span> <span class='ocrx_word' id='word_1_511' title='bbox 1963 4899 2096 4967; x_wconf 86' lang='lat' dir='ltr'><strong>Sed</strong></span> <span class='ocrx_word' id='word_1_512' title='bbox 2146 4902 2308 4971; x_wconf 83' lang='lat' dir='ltr'><strong>alius</strong></span> <span class='ocrx_word' id='word_1_513' title='bbox 2351 4903 2618 4970; x_wconf 82' lang='lat' dir='ltr'><strong>fortasse</strong></span> <span class='ocrx_word' id='word_1_514' title='bbox 2663 4904 2991 4990; x_wconf 85' lang='lat' dir='ltr'><strong>scrupulus</strong></span> <span class='ocrx_word' id='word_1_515' title='bbox 3034 4912 3255 4972; x_wconf 86' lang='lat' dir='ltr'><strong>restat.</strong></span> <span class='ocrx_word' id='word_1_516' title='bbox 3362 4902 3651 4973; x_wconf 84' lang='lat' dir='ltr'><strong>Rectene</strong></span> <span class='ocrx_word' id='word_1_517' title='bbox 3696 4905 3911 4973; x_wconf 90' lang='lat' dir='ltr'><strong>dicere</strong></span> 
     </span>
     <span class='ocr_line' id='line_1_41' title="bbox 507 5001 3913 5101; baseline 0.003 -34"><span class='ocrx_word' id='word_1_518' title='bbox 507 5002 715 5089; x_wconf 88' lang='lat' dir='ltr'><strong>potuit</strong></span> <span class='ocrx_word' id='word_1_519' title='bbox 755 5003 830 5085; x_wconf 91' lang='lat' dir='ltr'><strong>is,</strong></span> <span class='ocrx_word' id='word_1_520' title='bbox 879 5005 987 5088; x_wconf 89' lang='lat' dir='ltr'><strong>qui</strong></span> <span class='ocrx_word' id='word_1_521' title='bbox 1027 5025 1278 5071; x_wconf 82' lang='lat' dir='ltr'><strong>causam</strong></span> <span class='ocrx_word' id='word_1_522' title='bbox 1307 5004 1402 5070; x_wconf 88' lang='lat' dir='ltr'><strong>rei</strong></span> <span class='ocrx_word' id='word_1_523' title='bbox 1431 5006 1735 5092; x_wconf 86' lang='lat' dir='ltr'><strong>suscepit:</strong></span> <span class='ocrx_word' id='word_1_524' title='bbox 1783 5002 1878 5093; x_wconf 80' lang='grc' dir='ltr'><em>μή</em></span> <span class='ocrx_word' id='word_1_525' title='bbox 1906 5001 2019 5071; x_wconf 79' lang='grc' dir='ltr'><strong>τόν</strong></span> <span class='ocrx_word' id='word_1_526' title='bbox 2050 5012 2256 5093; x_wconf 80' lang='grc' dir='ltr'><strong><em>φονέα</em></strong></span> <span class='ocrx_word' id='word_1_527' title='bbox 2286 5010 2634 5097; x_wconf 76' lang='grc' dir='ltr'><strong><em>ζητοῦντας</em></strong></span> <span class='ocrx_word' id='word_1_528' title='bbox 2663 5004 2957 5087; x_wconf 76' lang='grc' dir='ltr'><strong><em>κολάζειν</em></strong></span> <span class='ocrx_word' id='word_1_529' title='bbox 2984 5007 3101 5077; x_wconf 79' lang='grc' dir='ltr'><strong>τόν</strong></span> <span class='ocrx_word' id='word_1_530' title='bbox 3130 5008 3431 5101; x_wconf 70' lang='grc' dir='ltr'><strong><em>καθαρόν</em></strong></span> <span class='ocrx_word' id='word_1_531' title='bbox 3461 5004 3913 5079; x_wconf 70' lang='grc' dir='ltr'><strong><em>α’ποκτείνεινῖ</em></strong></span> 
     </span>
     <span class='ocr_line' id='line_1_42' title="bbox 508 5111 3912 5205; baseline 0.003 -31"><span class='ocrx_word' id='word_1_532' title='bbox 508 5111 860 5175; x_wconf 81' lang='lat' dir='ltr'><strong>Accusatus</strong></span> <span class='ocrx_word' id='word_1_533' title='bbox 906 5111 1091 5194; x_wconf 88' lang='lat' dir='ltr'><strong>enim,</strong></span> <span class='ocrx_word' id='word_1_534' title='bbox 1139 5114 1287 5196; x_wconf 87' lang='lat' dir='ltr'><strong>quia</strong></span> <span class='ocrx_word' id='word_1_535' title='bbox 1328 5112 1396 5177; x_wconf 92' lang='lat' dir='ltr'><strong>in</strong></span> <span class='ocrx_word' id='word_1_536' title='bbox 1440 5112 1858 5180; x_wconf 80' lang='lat' dir='ltr'><strong>voluntarium</strong></span> <span class='ocrx_word' id='word_1_537' title='bbox 1901 5116 2192 5183; x_wconf 83' lang='lat' dir='ltr'><strong>exsilium</strong></span> <span class='ocrx_word' id='word_1_538' title='bbox 2235 5118 2501 5201; x_wconf 85' lang='lat' dir='ltr'><strong>abierat,</strong></span> <span class='ocrx_word' id='word_1_539' title='bbox 2550 5118 2777 5205; x_wconf 87' lang='lat' dir='ltr'><strong>capitis</strong></span> <span class='ocrx_word' id='word_1_540' title='bbox 2820 5138 3028 5205; x_wconf 87' lang='lat' dir='ltr'><strong>poena</strong></span> <span class='ocrx_word' id='word_1_541' title='bbox 3070 5116 3236 5185; x_wconf 84' lang='lat' dir='ltr'><strong>affici</strong></span> <span class='ocrx_word' id='word_1_542' title='bbox 3279 5138 3409 5185; x_wconf 90' lang='lat' dir='ltr'><strong>non</strong></span> <span class='ocrx_word' id='word_1_543' title='bbox 3450 5126 3725 5205; x_wconf 84' lang='lat' dir='ltr'><strong>poterat.</strong></span> <span class='ocrx_word' id='word_1_544' title='bbox 3817 5118 3912 5184; x_wconf 81' lang='lat' dir='ltr'><strong>At</strong></span> 
     </span>
    </p>
   </div>
  </div>
 </body>
</html>
