4559 5560
2187 509 2517 571 ,5-

585 719 782 786 haec·
815 717 1052 802 scripta
1123 735 1262 782 esse
1331 737 1456 782 non
1523 717 1725 782 solum
1792 717 1940 782 inde
1997 737 2307 804 apparere
2362 719 2633 802 videtur,
2705 719 2891 804 quod·
2926 719 2995 784 in
3039 718 3365 785 codicibus
3410 719 3527 785 sub
3574 721 3709 787 eius
3755 720 4007 788 nomine

586 825 820 892 tradita
863 831 1029 904 suut,
1078 823 1193 889 sed
1237 825 1428 889 etiam
1475 825 1642 908 quod
1687 831 1939 891 veteres
1983 826 2376 920 grammatici
2422 831 2490 891 et
2532 825 2969 912 lexicographi
3012 825 3266 927 saepius
3313 827 3685 912 tetralogias
3730 835 3801 894 ut
3830 829 4007 894 Anti-

582 933 893 1019 phonteas
937 932 1292 1016 resp1cmnt
1302 928 1370 1016 ι)
1463 929 1594 996 Sed
1637 932 1795 996 haec
1841 937 2124 998 veterum
2170 933 2529 998 testimonia
2576 933 2935 1019 spernenda
2980 942 3147 1013 sunt,
3194 912 3263 998 si
3294 933 3679 1018 argumentis
3724 954 3809 1002 ex
3851 935 4007 1020 ipsis

583 1039 972 1106 orationibus
1025 1038 1246 1124 petitis
1291 1057 1426 1102 rem
1471 1037 1660 1104 aliter
1701 1055 1773 1103 se
1817 1039 2056 1104 habere
2099 1039 2518 1104 demonstrari
2564 1041 2798 1126 potest.
2888 1041 3101 1124 Atque
3144 1039 3268 1104 i'am
3299 1037 3557 1106 Pahlius
3588 1052 3655 1105 et
3698 1062 3781 1106 ex
3824 1049 4012 1108 tetra·

583 1147 888 1232 logiamm
957 1145 1170 1211 indole
1239 1151 1430 1229 atque
1484 1151 1710 1210 natura
1767 1153 1834 1209 et
1879 1166 1962 1210 ex·
2006 1145 2262 1211 dicendi
2308 1147 2544 1230 genere
2588 1164 2903 1233 apparere
2948 1145 3110 1212 dixit
3156 1162 3265 1212 eas
3307 1167 3439 1212 non
3484 1149 3564 1212 ab
3610 1147 4006 1234 Antiphonte

579 1251 970 1322 Rhamnusio
1021 1271 1163 1317 esse
1223 1251 1623 1337 compositas.
1717 1249 1816 1317 Ex
1863 1253 1997 1317 eius
2044 1253 2449 1337 argumentis,
2512 1273 2650 1318 cum
2694 1251 2963 1340 plurima
3007 1252 3130 1318 iam
3180 1275 3217 1318 a
3262 1251 3493 1318 Bothio
3540 1251 3749 1321 multis
3794 1255 4009 1321 verbis

582 1359 859 1425 refutata·
909 1359 1057 1442 sint,
1128 1378 1204 1423 ea
1257 1367 1500 1423 tantum
1545 1357 1795 1442 eligam,
1845 1377 2008 1443 quae
2051 1359 2162 1424 ille
2183 1347 2419 1425 'obiter
2464 1370 2707 1425 tantum
2750 1360 2989 1444 tetigit.
3082 1357 3255 1425 Dicit
3300 1359 3560 1425 Pahlius
3604 1355 3671 1425 in
3716 1361 3841 1426 fine
3889 1362 4009 1426 dis-

582 1467 928 1552 putationis
996 1485 1148 1530 snae
1221 1465 1670 1549 cogitationum
1739 1485 1985 1531 suarum
2055 1484 2355 1532 summam
2408 1465 2647 1532 faciens
2702 1489 2767 1552 p.
2830 1467 2941 1533 12:
3013 1465 3145 1548 „Es
3190 1465 3275 1532 ist
3320 1465 3715 1549 zweifel'haft,
3763 1469 3846 1532 ob
3893 1468 4010 1533 der

581 1571 1002 1638 Rhamnusier
1045 1571 1372 1657 Antiphon
1438 1572 1504 1636 in
1561 1572 1678 1635 der
1723 1566 1939 1638 Weise
1983 1571 2408 1639 Theoretiker
2452 1594 2745 1658 gewesen
2800 1574 2903 1655 ist,
2966 1575 3087 1638 wie
3142 1594 3213 1640 es
3260 1574 3365 1640 die
3410 1571 3823 1663 Tetralogien
3871 1595 4005 1640 vor·

581 1688 948 1760 aussetzen3
1021 1679 1321 1744 wahrend
1367 1683 1446 1742 A.
1517 1679 1652 1743 sich
1709 1679 1801 1743 als
1849 1680 2036 1746 einen
2083 1679 2277 1745 Mann
2324 1701 2449 1745 von
2494 1677 2866 1748 chax-aeter.
2938 1681 3081 1745 dem
3138 1699 3207 1746 es
3254 1701 3354 1746 um
3402 1681 3506 1746 die
3552 1679 3886 1746 Wahrheit
3932 1703 4007 1746 zu

582 1787 738 1852 thun
797 1787 901 1864 ist,
965 1787 1085 1851 wie
1126 1785 1212 1850 im
1259 1784 1498 1865 Leben,
1559 1805 1631 1850 so
1677 1785 1742 1850 in
1791 1786 1915 1850 den
1961 1787 2195 1852 beiden
2241 1787 2471 1852 echten
2516 1785 2763 1867 Reden,
2814 1787 3126 1867 darstellt,
3174 1789 3401 1853 stehen
3447 1789 3550 1854 die
3592 1787 4007 1872 Tetralogien

581 1893 696 1959 auf
728 1894 873 1958 *dem
921 1891 1330 1978 Standpunkt
1375 1891 1492 1955 der
1533 1891 1929 1976 niedrigsten
1977 1891 2336 1978 Sophistik;
2385 1893 2488 1958 die
2534 1890 2761 1958 Reden
2808 1894 3191 1959 schwanken
3250 1895 3561 1960 zwischen
3608 1893 3835 1960 Skizze
3878 1895 4007 1960 und

579 1999 784 2081 Rede,
855 1999 1168 2064 zwischen
1215 1995 1658 2064 Studierstube
1713 2000 1842 2063 und
1889 1999 2387 2081 Gerichtshalle3
2458 2000 2573 2065 der
2617 1999 2959 2066 Ausdruck
3014 2001 3182 2085 zeigt
3228 1999 3833 2086 Gedankenfiguren
3880 2002 4004 2066 und

583 2109 912 2195 poetische
958 2105 1233 2187 Worter,
1283 2107 1523 2171 welche
1571 2107 1713 2170 dem
1759 2106 1986 2171 echten
2039 2107 2365 2192 Antiphon
2396 2107 2595 2171 fremd
2628 2108 2791 2188 sind,
2840 2108 2969 2172 und
3000 2105 3245 2172 ent'halt
3270 2107 3567 2172 daneben
3600 2109 3742 2173 eine
3774 2107 4006 2193 Menge

581 2225 714 2280 von'
752 2213 1173 2297 Wendungen
1219 2213 1347 2276 und
1395 2211 1714 2292 Wortern,
1783 2212 2026 2277 welche
2094 2213 2230 2278 sich
2283 2215 2351 2279 in
2408 2214 2523 2278 der
2579 2213 3060 2298 gewohnlichen
3106 2211 3389 2299 Sprache
3435 2215 3612 2280 nicht
3658 2213 3870 2280 finden
3920 2249 4003 2262 —

581 2341 655 2388 so
701 2321 975 2386 erheben
1025 2339 1095 2384 es
1142 2319 1268 2384 alle
1313 2319 1490 2383 dicse
1537 2317 1801 2384 Griinde
1847 2339 2572 2405 zusammengenommen
2618 2341 2733 2384 uns
2781 2339 2881 2385 zut
2936 2319 3337 2401 Gew'issheit,
3397 2309 3543 2386 dass
3590 2321 3706 2386 wir
3748 2322 3815 2387 in
3862 2323 4007 2386 dem

580 2415 922 2492 V'erfasser
967 2427 1082 2491 der
1123 2423 1536 2510 Tetralogien
1581 2427 1758 2490 nicht
1803 2427 1928 2491 den
1973 2424 2394 2491 Rhamnusier
2438 2431 2535 2507 A.‚
2586 2427 2859 2492 sondern
2906 2428 3233 2492 entweder
3276 2427 3464 2492 einen
3495 2425 3802 2492 Falscher
3847 2429 4005 2493 oder

579 2537 766 2601 einen
834 2534 1077 2598 andern
1121 2534 1452 2619 Antiphon
1519 2553 1594 2596 zu
1661 2533 1900 2596 suchen
1967 2533 2240 2597 haben.“
2342 2532 2489 2597 Jam
2544 2533 2609 2597 id
2658 2541 3039 2619 reputemus,
3104 2533 3273 2616 quod
3319 2531 3578 2600 Pahlius
3626 2533 3783 2600 dicit
3830 2536 4007 2600 Anti-

579 2645 882 2728 phontem
925 2639 1376 2706 Rhamnusium
1436 2649 1635 2703 artem
1685 2638 2068 2703 rhetoricam
2121 2640 2397 2703 nondum
2450 2639 2541 2704 ita
2586 2640 2833 2704 ratione
2878 2651 3246 2725 perceptam
3288 2641 3582 2706 habuisse
3627 2661 3833 2725 neque
3882 2641 4006 2707 dis-

579 2751 854 2837 ciplinae
920 2749 1274 2815 rhetoricae
1339 2747 1432 2812 ita
1501 2745 1773 2833 peritum
1832 2745 2042 2827 fuisse,
2113 2755 2183 2812 ut
2235 2743 2611 2831 tetraloglas
2672 2765 2835 2830 quae
2890 2755 3145 2813 exstant
3198 2747 3481 2814 scribere
3538 2757 3777 2835 posset.
3872 2747 4004 2814 Iam

580 2858 846 2923 Bothius
892 2856 1132 2922 monuit
1176 2854 1347 2934 inde,
1395 2853 1563 2937 quod
1609 2862 1824 2919 orator
1865 2854 1933 2917 in
1979 2852 2242 2919 aliorum
2288 2874 2463 2919 usum
2510 2855 2827 2921 orationes
2870 2856 2940 2920 in
2984 2855 3217 2921 iudicio
3262 2856 3589 2921 habendas
3625 2856 4007 2942 conscripsit

578 2976 648 3029 et
691 2965 849 3029 locis
897 2963 1322 3027 communibus
1367 2962 1434 3026 in
1479 2961 1572 3025 eis
1615 2961 2090 3026 conscribendis
2123 2981 2270 3026 usus
2304 2970 2423 3043 est,
2471 2979 2783 3049 apparere
2815 2981 2955 3027 eum
2986 2962 3293 3028 rationem
3326 2962 3598 3045 aliquam
3630 2962 4005 3049 disciplinae

579 3070 936 3136 rhetoricae
982 3069 1300 3153 cognitam
1346 3067 1661 3131 habuisse.
1755 3066 1840 3131 Et
1885 3086 2024 3131 cum
2069 3075 2421 3155 temporum
2468 3070 2719 3135 ratione
2776 3066 3016 3155 optime
3062 3068 3182 3135 hoc
3229 3070 3573 3155 conspirat.
3664 3068 3799 3135 Iam
3839 3072 4004 3135 enim

576 3176 885 3243 Coracem
930 3184 996 3240 et
1039 3174 1276 3239 Tisiam
1323 3182 1521 3239 artem
1583 3182 1648 3238 et
1706 3180 2052 3259 praecepta
2119 3174 2522 3258 eloquentiae
2590 3174 3044 3261 conscripsisse
3098 3186 3166 3240 et
3210 3176 3313 3239 via
3359 3196 3435 3241 ac
3478 3176 3727 3241 ratione
3772 3185 4003 3242 tracta-

578 3284 748 3349 visse
794 3282 1172 3348 Aristoteles
1219 3282 1416 3346 tradit
1461 3286 1528 3345 et
1571 3279 1985 3364 Protagoram
2033 3288 2098 3346 et
2129 3280 2435 3366 Gorgiam
2482 3302 2699 3348 rerum·
2733 3282 3067 3347 illustrium
3114 3280 3598 3368 disputationes,
3646 3300 3809 3366 quae
3844 3304 4005 3349 com-

578 3408 796 3455 munes
841 3389 1246 3477 appellantur
1289 3388 1432 3469 loci,
1485 3386 1912 3473 composuisse
1958 3398 2224 3455 constat.
2318 3387 2668 3479 Siculorum
2714 3396 2922 3455 autem
2961 3396 3313 3475 ‘praecepta
3354 3390 3675 3455 rhetorica
3712 3390 4001 3474 fortasse,

578 3505 915 3580 antequam
959 3494 1234 3579 Gorgias
1280 3495 1346 3559 in
1393 3492 1728 3559 Graeciam
1779 3495 1975 3575 venit,
2047 3495 2543 3562 Atheniensibus
2614 3505 2765 3561 nota
2826 3504 3025 3562 erant.
3130 3494 3261 3561 Sed
3306 3497 3543 3582 optime
3587 3496 3725 3562 fleri
3772 3497 4001 3584 potuit,

577 3613 651 3670 ut
689 3603 883 3690 paulo
927 3612 1073 3688 post
1119 3621 1302 3684 quam
1347 3622 1386 3665 a
1429 3599 1672 3684 Gorgia
1719 3600 2028 3667 Leontino
2077 3599 2425 3668 Siculorum
2471 3622 2574 3669 ars
2621 3603 2875 3669 dicendi
2920 3602 3207 3668 Athenas
3252 3604 3561 3669 translata
3606 3612 3763 3687 erat,
3814 3614 4001 3671 tetra-

581 3711 788 3795 logiae
834 3732 872 3775 a
917 3708 1302 3773 Rhamnusio
1348 3716 1898 3793 componerentur.
2844 3725 2849 3735 ·

897 3814 976 3880 In
1021 3814 1374 3899 tetralogiis
1421 3822 1788 3898 argumenta
1834 3810 1905 3890 ἐξ
1949 3810 2218 3882 εἰκότων
2259 3814 2467 3902 petita
2512 3816 2779 3903 primum
2822 3814 3028 3881 locum
3073 3814 3391 3895 obtinent3
3447 3816 3519 3881 in
3564 3818 3641 3881 iis
3688 3818 4005 3903 proferen-

576 3925 678 3989 dis
725 3934 792 3989 et
829 3924 1183 3988 refutandis
1230 3932 1446 3987 orator
1489 3919 1756 3986 maxime
1800 3929 2109 3987 versatur.
2199 3922 2387 3988 Talia
2432 3929 2641 3989 autem
2687 3932 3055 4007 argumenta
3098 3920 3227 3987 illis
3274 3924 3661 4010 temporibus
3706 3926 3830 3989 iam
3874 3944 4001 3990 non

576 4030 880 4096 inusitata
945 4030 1136 4094 fuisse
1205 4050 1286 4093 ex
1353 4028 1719 4093 Aristotelis
1787 4036 1907 4092 art.
1975 4028 2140 4093 rhet.
2207 4050 2287 4115 p.·
2350 4030 2477 4096 104
2541 4030 2651 4117 Sp.
2724 4030 3041 4109 discimus,
3110 4028 3217 4112 qui
3284 4030 3575 4096 versibus
3644 4032 4003 4115 Agathonis

577 4128 724 4214 τάχ’
759 4130 848 4197 ἄν
887 4154 977 4206 τις
1015 4130 1190 4207 εἰκός
1229 4126 1390 4198 αὐτὸ
1425 4127 1602 4197 τοῦτ’
1619 4118 1788 4197 εἶναι
1826 4132 1998 4216 λέγοι
2021 4132 2030 4222 Ι
2053 4138 2347 4217 βροτοῖσι
2386 4132 2605 4200 nolio?
2644 4131 2983 4218 τυγχάνειν
3004 4130 3125 4200 οὐκ
3163 4130 3383 4199 εἲκότα
3422 4136 3631 4202 allatis
3674 4136 3833 4223 haec
3862 4148 4006 4222 pro.

575 4248 725 4314 fert:
771 4249 1044 4326 γίγνεται
1079 4242 1206 4329 γοῖρ
1243 4242 1314 4309 τό
1337 4240 1513 4328 παρὰ
1531 4239 1604 4307 τὸ
1639 4238 1834 4323 εἰκός,
1874 4238 2034 4309 ὥστε
2056 4240 2232 4318 εἰκός
2252 4242 2363 4307 καὶ
2390 4242 2462 4309 τό
2486 4241 2662 4327 παρὰ
2682 4243 2757 4310 τὸ
2780 4240 2977 4316 εἰκός·
2997 4242 3150 4309 εἶ’δὲ
3170 4242 3377 4323 τοῦτο,
3408 4239 3585 4308 ἔσται
3609 4238 3681 4307 τό
3702 4238 3796 4327 μή
3828 4241 4003 4317 εἰκὸς

574 4350 772 4425 εἰκός·
804 4348 958 4417 ἄλλ’
989 4348 1110 4433 οὐχ
1159 4346 1381 4425 ἁπλῶς
1431 4342 1576 4414 ἄλλ’
1598 4342 1842 4433 (ὥσπερ
1880 4347 1990 4414 καὶ
2030 4344 2285 4414 ἐπὶτῶν
2303 4344 2631 4431 ἕριστικωι
2649 4348 2720 4415 τᾶ
2743 4372 2905 4416 κατα
2922 4352 2987 4415 τί
3004 4347 3113 4413 καὶ
3136 4344 3299 4433 πρὸς
3315 4350 3378 4413 τί
3404 4372 3483 4413 ov
3471 4340 4001 4429 ’προστιθέμενα
4048 4405 4053 4409 .

576 4466 758 4524 ποιεῖ
789 4452 909 4543 τὴν
949 4457 1389 4540 συκοφαντίαν
1428 4454 1570 4540 καὶ)
1588 4452 1880 4519 ἐνταῦθα
1918 4452 2098 4537 παρὰ
2127 4450 2200 4520 τό
2241 4452 2419 4526 εἰκός
2456 4442 2625 4520 εἶναι
2662 4478 2753 4542 μη
2798 4452 3027 4525 ἅπλῶς
3060 4446 3253 4519 amo?
3274 4473 3335 4518 τι
3366 4452 3557 4525 εἰκός.
3607 4445 3794 4515 Ἐστι
3818 4450 3897 4519 -δέ
3927 4450 4000 4520 ἐκ

572 4559 806 4629 τούτου
835 4562 950 4627 τοῦ
986 4556 1192 4626 τόπου
1215 4556 1253 4645 ἢ
1293 4556 1585 4643 Κόρακος
1622 4562 1816 4644 τέχνη
1869 4575 1948 4625 σι
1951 4562 2272 4644 γκειμένη·
2327 4554 2407 4623 ἄν
2446 4582 2515 4627 τε
2553 4556 2670 4641 γὰρ
2711 4582 2799 4640 μν
2840 4556 3065 4641 ἔνοχος
3100 4542 3148 4647 ἤ
3182 4564 3259 4647 τῇ
3299 4558 3496 4643 αἰτίᾳ,
3534 4546 3675 4624 οἷον
3709 4552 4003 4634 α’σθεννς

574 4664 662 4734 ὂν
723 4668 940 4743 αἰκίας
995 4662 1221 4752 φειΜγῃ
1273 4686 1350 4729 ου
1409 4662 1528 4747 γάρ
1568 4662 1762 4738 εἰκός·
1824 4662 1946 4733 κᾶν
1984 4663 2206 4746 ἔποχος
2264 4661 2353 4729 ὢν
2390 4656 2534 4730 οἶον
2574 4662 2683 4731 αν
2703 4662 2967 4749 ἰσχυρός
3010 4662 3135 4730 ὥν·
3176 4660 3263 4733 ου’
3296 4660 3417 4747 reip
3455 4660 3647 4745 εἰκός,
3689 4659 3787 4730 ὅτι
3824 4664 3999 4743 εἰκός

571 4772 810 4858 ἔμελλε
865 4768 1094 4850 δόξειεν.
1185 4766 1428 4852 ὁμοίως
1478 4767 1554 4835 δὲ
1607 4768 1716 4837 καὶ
1761 4767 1870 4835 ἐπὶ
1917 4772 2038 4836 ταῖν
2083 4766 2325 4853 duum
2365 4766 2415 4860 ἢ
2451 4789 2574 4853 γαρ
2628 4767 2855 4851 ἔνοχον
2908 4766 3161 4859 ἅνᾰγκη
3208 4768 3257 4860 ἢ
3300 4764 3395 4855 μή
3440 4766 3669 4849 ἔνοχον
3713 4756 3883 4835 εἶναι
3922 4770 4002 4859 τῇ

577 4897 1015 4936 ——n———h—-n

607 4967 652 5036 ⁸)
685 4968 784 5028 Do.
801 4969 910 5026 hoo
937 4984 996 5023 re
1033 4968 1152 5049 egit
1191 4966 1250 5025 J.
1283 4966 1478 5030 Kohm.
1517 4966 1648 5033 (Eia
1673 4966 1896 5037 Beitrag
1919 4982 2015 5022 aar
2039 4965 2210 5033 Frage
2245 4967 2381 5025 uber
2415 4966 2503 5022 die
2530 4964 2787 5023 Echtheit
2824 4965 2919 5023 da·
2940 4962 3284 5037 Tetraloglen
3316 4909 3415 5023 don
3438 4964 3679 5023 Rodum
3700 4964 3997 5037 Antiphon.

688 5039 830 5113 Prag
867 5038 1028 5103 1885)
1065 5040 1159 5109 qui
1195 5056 1331 5109 quae
1369 5045 1572 5093 veteres
1609 5055 1675 5092 ex
1713 5039 2053 5111 Antiphonte
2097 5038 2327 5099 afferunt
2362 5054 2428 5093 ex
2464 5038 2701 5094 Caecilio
2738 5035 3017 5099 GalactIno
3062 5036 3281 5093 fluxisse
3323 5043 3381 5093 et
3418 5036 3729 5111 tetralogus
3764 5037 3833 5091 ab
3869 5036 3998 5093 Gae-

686 5108 834 5165 cilio
853 5110 910 5164 in
948 5055 1304 5181 Antiphontis
1341 5110 1674 5165 orationibus
1709 5108 1923 5164 habitas
1958 5108 2247 5163 verisimiie
2286 5124 2401 5164 esse
2440 5108 2786 5164 demonstrat.
2936 5124 2945 5133 ·
