4559 5560
2001 493 2402 558 ...·9....

474 717 596 793 tur,
617 709 792 776 1111118
811 729 1002 776 causa
1019 710 1228 775 inesse
1248 717 1480 794 potest,
1503 729 1616 774 cur
1634 708 1716 774 (16
1730 707 1854 774 8116
1867 719 2126 776 81161616
2135 708 2541 792 cogitandum
2553 708 2655 787 sit,
2676 708 3049 794 praesertim
3068 706 3349 774 6811118111
3368 705 3893 792 89811Η6816111111

471 817 838 903 saepissime
882 823 1094 882 exstet
1137 808 1299 880 οὐδὲ
1341 810 1464 896 μὲν
1508 813 1608 901 (z
1652 811 1808 902 μὴν)
1855 813 1963 902 (cf.
1989 813 2258 900 Kriiger,
2308 836 2505 900 gram.
2536 811 2621 882 ΙΙ.
2652 811 2819 899 569.
2848 814 2939 879 44
2956 814 3103 880 81111.
3124 811 3220 900 2.)
3262 825 3329 880 61
3358 813 3529 900 apud
3558 834 3671 880 eos
3698 816 3894 902 scrip-

473 930 664 1006 tores,
713 923 821 1008 qui
865 923 952 989 811
993 922 1408 1010 Antiphontis
1451 929 1728 987 aetatem
1772 923 2056 1005 proxime
2100 921 2435 1003 accedunt,
2480 921 2663 988 huius
2706 920 3059 1007 particulae
3102 939 3253 988 88118
3295 920 3603 988 latissime
3646 931 3895 1008 petest.

793 1027 1020 1113 Neque
1069 1029 1156 1112 id,
1205 1029 1374 1112 quod
1424 1030 1490 1094 in
1545 1029 1901 1114 teti-elogiis
1947 1029 2046 1093 bis
2090 1023 2212 1092 σῦν
2257 1029 2647 1114 praepositio
2686 1027 2821 1115 (Aa
2863 1028 2929 1108 4,
2976 1026 3084 1090 Bo
3126 1025 3221 1110 6),
3290 1027 3391 1092 bis
3434 1023 3601 1107 μετοέ
3644 1027 3784 1114 (Bo
3826 1029 3899 1112 5,

477 1141 540 1200 B
558 1139 603 1220 β
625 1135 720 1223 3),
765 1137 834 1202 in
877 1135 1100 1220 quinta
1143 1145 1367 1202 contra
1410 1144 1478 1202 et
1521 1144 1704 1202 sexta
1749 1135 2035 1202 61811686
2078 1141 2323 1202 tautum
2374 1129 2555 1216 μετά,
2622 1155 2939 1219 nunquam
2994 1129 3115 1198 σὼ·
3158 1135 3447 1202 adhibita
3488 1145 3608 1218 est,
3677 1138 3889 1221 magni

471 1245 772 1310 momenti
815 1253 937 1310 est.
1027 1243 1246 1310 Facile
1290 1244 1458 1308 enim
1499 1242 1640 1308 fieri
1683 1243 1910 1327 potuit,
1975 1251 2047 1306 ut
2089 1241 2419 1328 Antiphon
2464 1241 2533 1308 iu
2575 1241 2948 1326 teti-elogiis,
3010 1261 3169 1325 quus
3210 1251 3361 1308 ante
3406 1241 3683 1328 reliquas
3723 1265 3887 1327 quas

473 1351 774 1416 habemus
819 1351 1139 1416 orationes
1185 1350 1554 1434 composuit,
1600 1357 1929 1436 poetarum
1973 1369 2209 1415 morem
2237 1357 2493 1416 secutus
2524 1357 2593 1414 et
2635 1343 2755 1412 σῦν
2783 1348 3255 1435 praepositione
3286 1358 3354 1415 et
3382 1344 3545 1429 μενά
3579 1359 3886 1418 uteretur.

798 1452 988 1522 Τὲ-τέ
1029 1457 1478 1540 9π116111818111
1531 1457 1890 1523 6681886116
1945 1456 2008 1520 in
2055 1455 2411 1540 teti-elogiis
2456 1456 2597 1538 9188
2642 1454 3021 1539 quadragies
3064 1454 3381 1538 invenitur
3422 1456 3535 1543 (61.
3584 1455 3889 1545 Spengel,

472 1564 636 1630 Mus.
683 1563 858 1630 rhen.
905 1564 1030 1631 vol.
1073 1563 1274 1628 XVll.
1319 1583 1384 1648 p.
1437 1565 1560 1630 167
1611 1583 1726 1647 sq.,
1773 1561 2094 1644 Sohaefer,
2163 1563 2246 1628 de
2288 1563 2727 1629 nonnullarum
2757 1561 3205 1646 particularum
3233 1563 3401 1647 apud
3432 1565 3891 1648 Antiphontem

471 1692 606 1754 usu,
655 1671 944 1756 Gotting.
989 1690 1053 1755 p.
1098 1669 1384 1754 37-38,
1430 1689 1495 1755 p.
1551 1669 1824 1756 6—23),
1891 1671 1956 1736 in
2024 1671 2225 1736 tribus
2273 1668 2535 1753 reliquis
2584 1670 2977 1736 orationibus
3020 1677 3123 1738 ter
3165 1679 3408 1738 tantum
3450 1671 3739 1738 adhibita.
3782 1681 3890 1740 est
3958 1743 3967 1752 ,

473 1776 720 1863 (1.18,
768 1776 854 1842 V.
904 1776 1318 1863 84‚V1.5..)
1410 1775 1594 1855 Quod
1639 1797 1992 1860 quanquam
2037 1778 2192 1843 satis
2235 1778 2457 1844 mirum
2504 1776 2758 1844 videtur
2800 1795 2943 1842 esse
2987 1797 3116 1844 1168
3158 1778 3251 1844 118
3296 1779 3606 1865 explicari
3650 1790 3887 1865 potest,

469 1894 542 1951 ut
585 1886 866 1952 dicamus
913 1885 1284 1970 tetralogias
1329 1886 1576 1968 spurias
1617 1904 1762 1950 esse
1807 1883 2149 1949 habendas.
2249 1881 2309 1948 N
2315 1883 2429 1948 11111
2482 1885 2651 1949 enim
2704 1883 2827 1950 hoc
2868 1883 3057 1950 modo
3098 1885 3475 1968 explicatum
3562 1885 3891 1971 Nusquam

471 1993 636 2056 enim
680 1993 744 2058 in
792 1992 1080 2076 pedestri
1123 1992 1409 2058 oratione
1457 2000 1584 2065 tam
1627 2009 1822 2074 saepe
1867 1990 2100 2074 legitur
2133 1990 2585 2072 particularum
2610 1986 2707 2054 τὲ·
2706 1986 2775 2054 τὲ
2805 1991 3167 2058 coniunctio
3194 2011 3381 2076 quam
3410 1994 3479 2059 in
3509 1995 3883 2081 tetralogiis.

457 2099 712 2182 ,Harum
759 2107 968 2164 8816111
1009 2099 1460 2181 particularum
1505 2099 1948 2165 coniunctione
2003 2097 2357 2182 tetralogiis
2409 2097 2805 2180 antiquorum
2848 2106 3199 2181 temporum
3234 2101 3515 2182 speeiem
3560 2103 3890 2186 6686111811

469 2215 752 2290 apparet.
840 2204 1112 2272 Constat
1153 2206 1320 2271 enim
1371 2203 1467 2271 τὲ-
1440 2228 1536 2271 -τε
1579 2205 1924 2288 particulas
1969 2204 2138 2288 apud
2167 2212 2393 2287 poetas
2438 2203 2825 2288 antiquiores
2868 2205 3310 2272 usitatissimas
3354 2227 3517 2274 esse.
3608 2206 3886 2285 Quarum

469 2333 616 2378 usus
685 2333 869 2395 quam
935 2312 1066 2378 late
1109 2315 1280 2396 apud
1325 2312 1668 2380 Homerum
1743 2320 1984 2396 pateat,
2055 2311 2236 2378 unius
2291 2311 2439 2377 libri
2478 2312 2773 2394 exemplu.
2816 2313 3277 2378 demonstrant:
3347 2311 3469 2380 od.
3518 2315 3581 2378 Γ
3614 2315 3725 2397 28,
3774 2317 3885 2399 33,

475 2420 620 2500 154,
675 2418 822 2500 185,
875 2419 1020 2501 194,
1067 2419 1218 2500 274,
1267 2419 1420 2502 314,
1467 2422 1622 2501 342,
1669 2420 1820 2502 361,
1868 2420 2022 2499 374,
2071 2419 2224 2502 389,
2271 2419 2427 2502 395,
2472 2420 2628 2500 434,
2674 2420 2829 2502 445,
2874 2420 3029 2498 487,
3056 2421 3213 2502 492,
3246 2421 3401 2487 497.
3478 2421 3691 2489 Etiam
3720 2425 3891 2507 apud

467 2537 692 2609 poetas
736 2527 989 2592 Atticos
1035 2527 1404 2609 saepissime
1443 2523 1610 2592 ἰε’-τὲ
1652 2527 1968 2610 1696111111
2011 2523 2120 2612 (cf.
2164 2525 2446 2609 Ellendt,
2492 2527 2616 2593 lex.
2646 2524 2947 2609 86911661.
2992 2545 3059 2610 9.
3093 2527 3243 2608 793,
3276 2527 3397 2594 'ubi
3436 2549 3521 2595 ex
3550 2528 3885 2613 Sophoclis

467 2632 815 2718 tragoediis
878 2633 1170 2716 exempla
1213 2633 1486 2700 collecta
1529 2632 1722 2719 sunt).
1833 2632 2064 2699 Nonne
2106 2634 2303 2718 igitur
2347 2633 2653 2700 credibile
2698 2641 2800 2700 est
2826 2633 3285 2716 Antiphontem
3329 2635 3449 2702 hac
3488 2637 3557 2702 in
3584 2657 3657 2703 re
3686 2639 3891 2720 primo

466 2751 794 2823 poetarum
841 2740 1098 2809 dicendi
1141 2761 1344 2827 genus
1389 2761 1574 2826 quam
1619 2741 1887 2806 maxime
1931 2739 2242 2807 imitatum
2294 2761 2457 2824 esse,
2523 2740 2761 2807 deinde
2826 2742 2993 2807 sicut
3044 2741 3105 2807 ei
3150 2743 3513 2826 scriptores,
3588 2746 3697 2829 qui
3744 2754 3889 2830 post

467 2868 609 2913 eum
654 2848 924 2930 fuerunt,
969 2868 1087 2931 pro
1131 2846 1298 2915 τὲ-τέ
1341 2848 1483 2914 81118
1529 2847 1880 2931 particulis,
1925 2848 2226 2930 imprimis
2271 2846 2502 2927 τὲ-τιαὶ,
2550 2868 2727 2915 usum
2768 2848 2959 2913 esse?

783 2954 920 3019 Iam
937 2956 1146 3020 omnis
1155 2964 1523 3039 argumenta
1535 2955 1938 3038 perlustravi,
1963 2955 2192 3039 quibus
2201 2954 2666 3021 Hartmanuset
2676 2954 3147 3023 Herwerdenus
3156 2956 3589 3040 adductisunt,
3617 2968 3690 3027 ut
3698 2967 3888 3027 tetra?

465 3058 670 3143 logias
713 3061 957 3126 recenti
1003 3069 1218 3125 aetate
1261 3062 1644 3144 compositas
1687 3080 1832 3127 esse
1887 3070 2260 3129 statuerent.
2352 3060 2499 3127 Hac
2544 3069 2755 3129 8816111
2782 3063 2851 3127 18
2878 3082 2951 3128 16
2980 3062 3171 3129 etiam
3200 3064 3373 3131 aliud
3416 3067 3883 3148 respiciendum

469 3172 586 3246 est,
655 3165 826 3247 quod
853 3220 862 3227 .
893 3175 961 3232 et
1005 3165 1392 3233 Hartmanus
1447 3176 1516 3233 et
1558 3166 2030 3234 Herwerdenus
2097 3188 2355 3254 prorsus
2420 3170 2857 3253 neglexerunt.
2970 3167 3209 3245 Quinta
3266 3172 3435 3237 enim
3478 3182 3547 3237 et
3590 3183 3775 3240 sexta
3817 3185 3888 3242 et

465 3272 670 3353 prima.
734 3273 936 3338 oratio
1001 3268 1069 3337 in
1137 3292 1394 3341 censum
1457 3276 1784 3339 vocandae
1838 3284 1985 3341 sunt
2037 3285 2228 3360 atque
2296 3276 2755 3359 inquirendum,
2825 3294 2972 3343 num
3016 3278 3209 3343 etism
3251 3278 3321 3343 in
3360 3278 3443 3345 ils
3485 3280 3683 3347 insint
3726 3302 3889 3365 quae

463 3385 706 3445 tantum
749 3379 919 3461 apud
962 3389 1190 3463 966188
1234 3381 1358 3446 vel.
1385 3382 1662 3447 recentis
1705 3383 1934 3447 aetatis
1979 3383 2321 3466 scriptores
2364 3382 2787 3449 inveniuntur.
2875 3387 3093 3467 Atque
3142 3384 3273 3450 18111
3312 3384 3583 3453 Bothius
3628 3386 3717 3473 (p.
3775 3386 3883 3474 10)

465 3485 765 3551 nonnulla
808 3487 1148 3571 congessit,
1218 3508 1380 3571 quse
1425 3510 1466 3553 8
1510 3489 1818 3555 communi
1862 3489 2118 3555 dicendi
2161 3510 2399 3575 genere
2442 3490 2801 3557 abhorrent.
2892 3489 3015 3555 His
3058 3491 3361 3558 nonnulla
3403 3494 3609 3561 addo:
3657 3494 3763 3562 Vl.
3796 3496 3885 3563 88

464 3584 754 3675 ω’φελεῖν
798 3612 937 3658 68111
983 3593 1198 3661 dativo
1245 3596 1662 3678 coniunctum,
1712 3616 1874 3679 quae
1919 3599 2306 3663 constructio
2340 3596 2515 3683 apud
2544 3605 2771 3679 poetas
2797 3596 3136 3681 aliquoties
3168 3604 3395 3665 exstat
3413 3599 3677 3687 (Aesch.
3706 3602 3886 3672 Pers.

469 3698 597 3765 833
640 3706 776 3774 τοῖς
818 3702 1107 3769 θανοῦσι
1149 3701 1428 3773 πλοῦτος
1473 3695 1666 3769 οὐδὲν
1714 3698 1973 3788 ὠφελεῖ,
2019 3700 2229 3769 Prom.
2276 3702 2437 3787 3463
2501 3702 2699 3786 Soph.
2744 3706 2902 3771 Ant.
2945 3704 3079 3771 659
3126 3700 3208 3773 σύ
3254 3704 3377 3788 μὲν
3422 3706 3556 3795 ζῇς,
3620 3704 3662 3796 ἦ
3706 3706 3889 3798 δ’ἐμῆ

465 3798 649 3891 ψυχή
693 3800 904 3873 πάλαι
943 3808 1288 3893 τέθνηκεν,
1335 3802 1493 3873 ὥστε
1535 3815 1668 3881 τοῖς
1711 3811 2034 3876 θανοῦσιν
2081 3804 2379 3897 ὠφελεῖν.
2468 3810 2664 3877 Arist.
2708 3814 2827 3877 Av.
2872 3810 3063 3897 421),
3150 3812 3217 3877 in
3270 3812 3554 3897 pedestri
3599 3817 3887 3883 61811686

464 3913 819 3993 9681611616
865 3920 1108 3979 tantum
1152 3922 1438 3997 tempore
1481 3916 1632 3981 inde
1677 3916 1758 3983 ab
1804 3916 2156 3983 Aristotele
2202 3916 2495 3985 occurrit.

786 4018 838 4083 Ι.
907 4020 969 4086 9.
1015 4028 1085 4085 et
1153 4022 1234 4086 10
1300 4014 1592 4105 ἄπαρνος
1655 4041 1772 4105 916
1833 4020 2125 4109 ἔξαρνοςς
2185 4024 2467 4107 vulgaris
2529 4023 2727 4091 forma
2790 4032 2892 4091 est
2942 4022 3226 4112 ἔξαρνος,
3290 4020 3586 4113 ἄπαρνος
3654 4028 3891 4096 dicitur

467 4120 863 4213 σεμνότερον
904 4124 1021 4189 τοῦ
1069 4122 1334 4213 ἔξαρνος
1377 4126 1486 4195 καὶ
1543 4124 2042 4212 πολιτικώτερον
2049 4154 2071 4208 ,·
2139 4129 2373 4213 legitur
2438 4130 2629 4195 etiam
2681 4131 2851 4216 apud
2896 4130 3276 4217 Sophoclem
3320 4131 3565 4223 (Antig.
3609 4134 3772 4222 435)
3818 4144 3889 4202 et

465 4228 860 4297 Herodotum
907 4230 997 4317 (3.
1043 4230 1184 4318 90).

783 4336 836 4403 Ι.
887 4336 974 4406 20
1017 4336 1412 4427 δημόκοινος
1451 4342 1707 4426 legitur,
1755 4362 1894 4407 cum
1939 4342 2173 4409 usitata
2217 4342 2417 4410 forma
2459 4344 2547 4410 sit
2591 4340 2842 4434 δήμιος.

783 4442 836 4509 Ι.
907 4446 990 4512 21
1061 4448 1178 4511 τοῦ
1219 4450 1580 4522 τεθνεῶτος
1647 4452 1813 4533 πέρι,
1884 4449 2054 4534 quod
2120 4450 2563 4517 alienissimum
2632 4461 2773 4518 erat
2839 4470 2879 4517 a
2945 4454 3251 4520 communi
3320 4454 3574 4521 dicendi
3628 4474 3884 4541 genere.
4010 4500 4014 4505 -

463 4548 1201 4620 Δ118161.Ρ661.6.22.
1306 4550 1714 4641 Ἅρειφράὸης
1775 4551 1923 4631 τούς
1982 4552 2347 4645 τραγῳδους
2407 4554 2762 4647 ἕκωμῷδει,
2829 4552 2927 4627 ὅτι
2978 4552 3023 4629 ἃ
3074 4555 3298 4634 ουδεὶς
3345 4554 3423 4626 ἂν
3471 4556 3649 4626 εἴποι
3692 4558 3763 4625 ἓν
3806 4566 3891 4654 τῇ

463 4656 793 4744 διαλέκτῳ,
858 4653 1108 4733 τούτοις
1172 4666 1448 4747 χρῶνται
1514 4655 1657 4729 οἷον
1723 4658 1794 4727 τὰ
1861 4660 2173 4746 δωμάτων
2241 4686 2376 4731 απο
2445 4658 2619 4731 ἀλλὰ
2678 4662 2775 4755 μή
2829 4658 2965 4733 &md
3022 4664 3335 4751 δωμάτων
3390 4718 3405 4732 .
3455 4716 3471 4732 .
3523 4715 3539 4730 .
3591 4716 3607 4732 .
3655 4666 3765 4735 καὶ
3810 4694 3883 4738 το

466 4753 794 4842 Ἀχιλλέως
838 4767 987 4848 πέρι
1031 4760 1197 4832 ἀλλὰ
1235 4764 1332 4858 μή
1374 4764 1532 4853 περὶ
1581 4762 1904 4850 Ἀχιλλέως
1942 4768 2051 4834 καὶ
2100 4764 2225 4837 οσα
2269 4764 2443 4841 αλλα
2485 4778 2766 4839 τοιαῦτα.

783 4869 838 4937 Ι.
883 4872 973 4939 20
1017 4872 1426 4962 φιλησομὲνη
1475 4894 1590 4960 916
1635 4876 1890 4959 passivo
1935 4886 2319 4963 usurpatum,
2366 4880 2537 4964 quod
2582 4880 2845 4948 Homeri
2888 4884 3210 4966 proprium
3254 4891 3374 4949 est.

781 4974 835 5043 Ι.
905 4976 992 5045 23
1060 4976 1354 5047 δικασταὶ
1419 4978 1734 5063 ἐγένεσθε
1798 4982 1909 5048 καὶ
1976 4978 2143 5076 §xlvj
2146 4989 2345 5075 lime,-
2410 4986 2732 5055 insolitum
2773 4989 2896 5055 1166
2938 4988 3082 5056 1666
3126 4984 3289 5081 εκλή
3293 4992 3488 5077 θητε,
3554 4992 3678 5057 11181
3724 4991 3887 5058 forte

462 5075 889 5169 ἔκληρῶθητε
956 5106 1096 5153 cum
1145 5084 1389 5155 Cobeto
1457 5090 1856 5157 scribendum
1924 5101 2044 5161 est.
2157 5090 2405 5161 Eodem
2471 5094 2615 5163 loco
2674 5090 2971 5179 ἀβούλως
3018 5096 3391 5165 vocabulum
3439 5096 3771 5165 Maetzner
3817 5106 3891 5164 et
