4559 5560
1920 415 2187 486 25⁰3.4·
2237 443 2285 505 4
2376 471 2463 486 ...-

533 650 817 735 protulit,
865 670 1027 734 quae
1075 650 1484 732 „labescente
1531 651 1778 718 demum
1809 650 2220 717 Graecitate“
2267 652 2536 738 reperiri
2582 651 2740 718 dicit
2784 671 3072 737 quaeque
3116 652 3177 718 ei
3222 673 3348 718 non
3386 653 3635 721 inutilia
3670 654 3963 720 videntur
4014 699 4017 704 -

533 757 617 821 ad
670 757 1100 841 quaestionem
1147 757 1228 823 de
1273 777 1487 823 earum
1533 765 1792 823 auctore
1839 756 2329 826 diiudicandam.

856 863 954 928 Ac
997 863 1265 948 primum
1321 865 1572 947 quidem
1628 865 1780 930 mihi
1837 865 1906 930 in
1962 865 2171 931 animo
2225 871 2329 931 est
2371 864 2454 930 ad
2498 885 2703 952 pauca
2746 865 3135 952 respondere
3181 886 3343 951 quae
3387 867 3646 934 Pahlius
3689 867 3959 952 protulit

534 989 739 1053 neque
785 969 1052 1037 Botbius
1095 971 1252 1036 satis
1297 979 1448 1058 apte
1485 970 1740 1053 refellit,
1789 970 2022 1037 deinde
2061 972 2146 1036 ad
2175 992 2272 1054 ea,
2320 991 2482 1056 quae
2512 970 3001 1055 Herwerdenus‚
3048 972 3454 1057 Hartmanus,
3500 975 3961 1059 Dittenberger

536 1077 1038 1161 disputaverunt,
1087 1077 1506 1144 examinanda
1549 1079 1910 1164 aggrediar.

855 1181 988 1250 Sed
1033 1191 1224 1250 antea
1267 1183 1350 1250 de
1393 1184 1612 1252 indole
1657 1194 1848 1268 atque
1893 1193 2120 1252 natura
2157 1186 2377 1252 harum
2406 1186 2777 1265 orationum,
2824 1205 2987 1270 quae
3018 1187 3399 1272 singularem
3427 1187 3635 1255 locum
3666 1188 3959 1254 obtinent

533 1290 598 1355 in
646 1290 877 1356 litteris
924 1301 990 1356 et
1035 1289 1302 1356 Graecis
1347 1299 1416 1358 et
1457 1289 1778 1374 Romanis,
1825 1313 2033 1378 pauca
2077 1293 2379 1358 dicamus.

855 1395 1018 1462 Tres
1066 1397 1216 1463 illae
1261 1398 1640 1484 tetralogiae
1684 1417 1840 1482 quas
1885 1399 2188 1465 habemus
2233 1407 2574 1484 quaternas
2620 1399 2949 1466 continent
2993 1401 3417 1467 oratiunculas
3464 1419 3725 1486 quarum
3769 1401 3959 1466 binae

537 1503 910 1586 accusatori,
956 1503 1145 1569 binae
1191 1514 1488 1570 accusato
1531 1506 1809 1570 tributae
1853 1513 2016 1572 sunt.
2107 1503 2465 1572 Versantur
2510 1508 2575 1572 in
2616 1507 2821 1572 causis
2850 1506 3036 1574 fictis.
3124 1503 3567 1583 Quaerendum
3598 1514 3803 1573 autem
3834 1515 3955 1589 est,

535 1630 658 1694 quo
728 1609 994 1675 consilio
1061 1611 1339 1696 scriptae
1400 1613 1545 1677 sint.
1653 1611 1919 1678 Bothius
1971 1613 2122 1678 inde
2168 1612 2338 1696 quod
2383 1614 2449 1678 in
2494 1613 2715 1697 quinta
2759 1622 2827 1679 et
2870 1623 3053 1679 sexta
3096 1615 3383 1680 oratione
3428 1615 3553 1680 loci
3600 1633 3959 1681 communes

536 1725 811 1798 exstant,
859 1735 1015 1800 quos
1061 1717 1516 1803 Antiphontem
1561 1719 1683 1783 sibi
1731 1719 2126 1805 conscriptos
2171 1720 2469 1785 habuisse
2514 1728 2783 1798 constat,
2832 1720 3203 1804 tetralogias
3247 1742 3373 1786 non
3419 1731 3491 1788 ut
3534 1721 3613 1786 iis
3655 1723 3726 1786 in
3771 1720 3956 1787 disci·

533 1823 700 1908 pulis
746 1823 1109 1888 erudiendis
1153 1833 1456 1907 uteretur,
1506 1825 1620 1889 sed
1664 1833 1736 1890 ut
1778 1825 1846 1889 in
1891 1826 2098 1891 causis
2145 1827 2498 1922 tractandis
2542 1827 2683 1912 ipse
2728 1847 2799 1891 se
2844 1835 3177 1921 exerceret
3218 1829 3601 1914 compositas
3640 1847 3782 1895 esse
3814 1847 3958 1893 con-

536 1930 707 1995 cludi
749 1949 940 2014 posse
987 1929 1160 1998 dicit.
1254 1929 1463 2013 „Nam
1503 1931 1690 2000 hoc“.
1735 1933 1940 2015 inquit
1983 1933 2102 2006 me
2138 1955 2201 2019 p.
2235 1933 2337 2015 2„
2390 1933 2691 2015 „unnim
2736 1924 3167 2001 contenderim
3212 1954 3323 2000 eas
3367 1934 3704 2000 imitandas
3748 1936 3829 1999 ab
3876 1953 3955 2000 eo

535 2038 894 2122 propositas
949 2057 1110 2118 esse,
1180 2059 1262 2103 ne
1316 2039 1380 2102 in
1437 2020 1863 2104 offensionem·
1887 2059 2103 2105 eorum
2165 2041 2499 2130 incurram,
2570 2041 2677 2124 qui
2733 2061 2843 2105 eas
2888 2041 2997 2104 vix
3042 2041 3247 2106 tirone
3294 2041 3517 2126 dignas
3564 2061 3705 2133 esse
3750 2041 3957 2106 decla·

536 2144 841 2209 mationes
887 2143 1008 2208 sibi
1053 2145 1502 2230 persuaserint.
1603 2145 1811 2229 Magis
1855 2145 2032 2227 illud,
2061 2141 2136 2211 'si
2181 2145 2639 2232 Antiphontem
2692 2167 2764 2212 re
2808 2167 2961 2212 vera
3004 2148 3087 2212 ad
3132 2147 3577 2234 discipulorum
3622 2168 3800 2212 usum
3846 2167 3959 2212 eas

535 2251 867 2336 scripsisse
922 2270 1246 2337 ponamus,
1293 2251 1463 2338 lputo
1517 2251 1646 2317 dici
1700 2271 1888 2338 posse
1955 2252 2311 2337 teti-alogiis
2372 2252 2727 2319 accuratius
2775 2263 2841 2318 et
2885 2253 3221 2319 dilucidius
3267 2255 3696 2339 expositurum
3740 2254 3955 2336 fuisse,

536 2358 758 2442 quibus
826 2358 1174 2424 rationibus
1245 2358 1530 2442 singulae
1588 2379 1817 2424 causae
1873 2379 2082 2424 coram
2135 2359 2449 2425 iudicibus
2495 2361 2757 2425 tractari
2809 2369 3091 2446 possent.
3160 2360 3263 2426 vel
3319 2361 3469 2444 quid
3521 2361 3842 2426 intuentes
3887 2367 3961 2428 et

536 2473 892 2551 prementes
937 2475 1007 2531 et
1050 2465 1256 2532 rei-et
1302 2474 1706 2532 accusatores
1751 2473 1968 2552 partes
2013 2486 2160 2532 suas
2205 2467 2443 2552 optime
2497 2475 2785 2551 agerent,
2854 2468 2961 2533 vel
3015 2469 3165 2552 quid
3223 2469 3565 2534 secundum
3608 2469 3707 2537 rei
3748 2476 3817 2533 et
3862 2486 3955 2536 se·

536 2573 804 2639 cundum
849 2572 1236 2638 accusatoris
1281 2591 1532 2640 causam
1589 2571 2036 2659 disputandum
2093 2583 2288 2656 esset,
2357 2583 2429 2640 ut
2480 2574 2754 2640 iudicum
2798 2574 2990 2640 animi
3034 2574 3588 2640 conciliarentur-‘⁴
3680 2572 3751 2642 Si
3795 2575 3963 2642 haee

533 2701 688 2746 vera
734 2687 950 2745 essent
993 2686 1062 2744 et
1107 2679 1160 2744 si
1205 2697 1278 2747 re
1321 2699 1478 2744 vera
1520 2689 1737 2746 orator
1779 2679 2012 2746 nullam
2054 2681 2141 2744 ob
2185 2681 2373 2746 aliam
2418 2701 2673 2748 causam
2718 2681 3078 2766 scripsisset
3122 2681 3513 2765 tetralogias.
3568 2681 3677 2764 qui
3722 2681 3957 2774 factum

538 2797 658 2869 est,
703 2796 776 2853 ut
819 2787 1056 2873 publici
1098 2787 1254 2853 iuris
1296 2786 1563 2853 fierent?
1652 2784 1775 2863 Qui
1825 2786 2042 2853 Bothii
2086 2788 2463 2855 sententiam
2522 2789 2775 2874 probat,
2842 2788 3053 2855 facere
3120 2810 3245 2855 non
3312 2790 3570 2874 poterit,
3645 2789 3795 2873 quin
3839 2788 3961 2857 has

535 2894 962 2961 oratiunculas
981 2893 1181 2959 invito
1201 2892 1602 2978 Antiphonte
1621 2902 1770 2981 post
1780 2894 1988 2980 -ipsius
2010 2902 2272 2962 mortem
2291 2895 2502 2961 editas
2526 2914 2669 2961 esse
2690 2902 2959 2977 statuat3
3007 2914 3152 2961 nam
3184 2895 3597 2963 clarissimum
3619 2896 3797 2961 illum
3818 2914 3957 2963 ora·

537 3010 756 3084 torem,
827 3002 1002 3068 cuius
1055 2996 1390 3087 δευνότητα
1433 2998 1640 3085 λέγω,
1678 3000 2084 3086 Thucydides
2126 2999 2268 3085 (lib.
2300 3000 2459 3069 Vm.
2506 3000 2623 3086 68)
2666 3001 2921 3069 summis
2964 2998 3252 3073 laudibus
3298 3002 3499 3083 effert,
3545 3002 3752 3087 ipsum
3795 3002 3959 3069 haec

539 3110 835 3191 edidisse,
905 3128 1068 3193 quae
1137 3108 1290 3191 „vix
1341 3107 1548 3173 tirone
1594 3108 1827 3191 digna“
1889 3116 2055 3190 sunt,
2123 3128 2311 3175 nemo
2362 3108 2485 3175 sibi
2536 3108 2968 3194 persuadebit.
3082 3106 3215 3174 Sed
3258 3108 3525 3175 Bothius
3570 3110 3637 3176 in
3682 3129 3761 3175 eo
3804 3109 3957 3175 mihi

535 3216 790 3281 videtur
879 3214 1072 3279 falsus
1161 3234 1304 3281 esse
1393 3214 1563 3297 quod
1637 3212 1863 3284 Pahlio
1937 3222 2195 3283 auctore
2271 3215 2642 3300 tetralogias
2716 3216 3208 3283 declamationes
3275 3216 3387 3281 vix
3452 3217 3660 3281 tirone
3730 3216 3963 3299 dignas

539 3342 679 3388 esse
767 3328 952 3407 putat
1039 3330 1108 3387 et
1195 3328 1528 3404 oratorem,
1637 3322 1691 3387 si
1789 3322 1872 3387 ad
1985 3322 2435 3407 discipulorum
2538 3342 2715 3390 usum
2811 3322 3311 3407 conscripsisset,
3402 3322 3611 3389 omnia
3705 3322 3957 3408 plenius

539 3438 606 3496 et
649 3428 1003 3497 accuratius
1047 3428 1475 3515 expositurum
1521 3426 1714 3495 fuisse
1759 3428 2000 3495 statuit.
2091 3427 2170 3493 In
2211 3428 2610 3495 inveniendis
2654 3438 2847 3511 atque
2892 3429 3331 3513 excogitandis
3360 3429 3749 3515 argumentis
3776 3427 3961 3496 Anti-

538 3536 766 3623 phonti
856 3554 1078 3603 causas
1168 3534 1451 3601 forenses
1537 3536 1756 3619 agenti
1833 3536 2036 3603 omnis
2118 3536 2218 3603 vis
2300 3537 2511 3603 inesse
2582 3535 2921 3601 videbatur
2992 3536 3103 3617 ita,
3188 3543 3261 3601 ut
3334 3535 3400 3603 in
3475 3536 3595 3603 hac
3668 3536 3809 3621 ipsa
3882 3552 3971 3598 re.

538 3663 836 3709 summam
865 3643 988 3709 sibi
1017 3642 1284 3727 gloriam
1312 3650 1708 3728 compararet
1735 3640 1898 3728 (vita
1918 3643 2184 3729 Antiph.
2216 3642 2285 3709 in
2316 3643 2419 3709 ed.
2444 3641 2781 3709 Blassiana
2808 3664 2873 3728 p.
2907 3640 3217 3709 XXXIV.
3250 3640 3291 3730 ξ
3326 3642 3440 3727 8.).
3487 3640 3689 3719 Quam
3710 3642 3795 3707 ob
3816 3660 3957 3707 rein

538 3750 730 3817 etiam
787 3750 854 3814 in
909 3750 1111 3815 tribus
1169 3748 1297 3815 illis
1353 3750 1560 3815 causis
1601 3747 1790 3830 fictis,
1860 3768 2016 3832 quas
2061 3749 2391 3835 discipulis
2435 3748 2770 3818 imitandas
2814 3768 2956 3815 eum
3001 3749 3405 3835 proposuisse
3448 3746 3789 3813 verisimile
3834 3754 3957 3827 est,

537 3858 604 3922 in
649 3865 1154 3943 argumentorum
1199 3855 1566 3924 inventione
1609 3876 1855 3924 omnem
1899 3876 2160 3941 operam
2205 3854 2546 3923 collocavit
2588 3876 2794 3939 neque
2841 3856 3013 3924 aliud
3059 3856 3397 3939 quidquam
3442 3854 3597 3937 egit,
3654 3872 3840 3936 qnam
3883 3860 3963 3921 ut

539 3972 924 4049 argumenta,
982 3982 1144 4047 qnae
1189 3970 1258 4027 et
1299 3968 1635 4029 accusator
1663 3971 1731 4027 et
1773 3982 1922 4029 reus
1963 3982 2082 4047 pro
2112 3982 2226 4039 sua
2255 3969 2442 4047 parte
2486 3962 2713 4030 afferre
2758 3970 3039 4048 possent,
3096 3960 3317 4048 paucis
3360 3960 3785 4029 adumbraret.
3878 3959 3957 4027 Id

539 4080 752 4137 autem
791 4070 1014 4141 mirum
1058 4088 1202 4137 esse
1244 4088 1372 4136 non
1416 4076 1652 4155 potest,
1699 4070 1869 4153 quod
1911 4078 2302 4155 argumenta,
2364 4088 2527 4151 quae
2570 4068 2830 4155 profert,
2853 4136 2861 4143 ,
2884 4068 3071 4136 nimis
3112 4065 3457 4133 artificiosa
3498 4075 3567 4132 et
3606 4067 3967 4153 sophistica

539 4186 705 4260 sunt,
773 4178 924 4261 quia
989 4196 1118 4242 non
1177 4174 1377 4244 solum
1429 4174 1601 4261 apud
1654 4175 1816 4241 alios
1859 4184 2144 4243 oratores
2186 4175 2417 4253 similia
2460 4183 2819 4257 occurrunt,
2888 4174 3003 4239 sed
3045 4174 3239 4239 etiam
3281 4173 3349 4238 in
3394 4173 3615 4257 quinta
3656 4180 3727 4239 et
3770 4184 3961 4240 sexta

539 4285 825 4351 oratione
892 4292 962 4351 et
1027 4282 1175 4367 quia
1239 4282 1419 4368 ipsae
1487 4302 1717 4349 causae
1769 4283 1854 4348 de
1908 4282 2222 4351 industria
2273 4282 2367 4347 ita
2408 4282 2597 4349 fictae
2640 4290 2789 4347 sunt
2830 4291 2921 4362 ut,
2966 4300 3131 4363 quae
3174 4280 3447 4345 inveniri
3490 4288 3559 4345 et
3602 4278 3953 4363 excogitari

540 4400 822 4477 possent,
866 4389 1215 4477 sophistica
1257 4397 1327 4454 et
1365 4387 1712 4458 artificiosa
1753 4408 1898 4455 esse
1941 4409 2207 4469 neeesse
2251 4396 2443 4455 esset.
2535 4386 2733 4465 Quam
2776 4388 2863 4453 ob
2892 4406 3027 4453 rem
3070 4387 3221 4453 mihi
3266 4406 3393 4453 nnn
3422 4386 3676 4453 videtur
3698 4385 3957 4453 dubium

540 4517 702 4581 esse,
764 4498 918 4582 quin
971 4496 1349 4581 teu-alogiae
1394 4496 1672 4582 scriptae
1715 4496 1864 4577 sint,
1921 4504 1992 4562 ut
2035 4496 2114 4562 iis
2157 4496 2268 4579 qui
2312 4502 2514 4564 artem
2554 4493 2937 4561 rhetoricam
2982 4492 3281 4579 amplecti
3327 4502 3397 4559 et
3440 4512 3665 4562 causas
3704 4491 3775 4560 in
3816 4490 3959 4557 foro

539 4624 732 4689 agere
775 4604 880 4671 vel
923 4603 1242 4671 orationes
1285 4624 1404 4689 pro
1447 4603 1591 4669 aliis
1634 4602 1918 4671 scribere
1955 4602 2220 4685 vellent,
2265 4602 2449 4685 quasi
2492 4599 2788 4687 exempla
2830 4609 3353 4687 proponerentur.

835 4708 992 4789 8οᾶ
1036 4710 1196 4777 haee
1240 4731 1370 4777 non
1411 4708 1668 4777 multum
1714 4708 1954 4778 faciunt
1981 4708 2068 4775 ad
2103 4708 2541 4792 quaestionem
2566 4707 2651 4775 de
2680 4716 2943 4775 auctore
2972 4705 3445 4791 tetralogiarum
3474 4632 3969 4771 diiudicandum.

541 4816 896 4883 Versantur
933 4816 1132 4902 igitur
1175 4816 1326 4883 illae
1369 4816 1692 4886 orationes
1734 4817 1802 4881 in
1847 4814 2056 4882 causis
2098 4814 2291 4897 fictis,
2336 4814 2453 4880 sed
2494 4834 2625 4881 non
2668 4823 2741 4880 ut
2783 4813 3274 4881 declamationes
3302 4812 3689 4899 posterioris
3698 4809 3956 4893 aetatis,

541 4944 702 5007 quae
747 4924 816 4989 in
859 4923 1026 4991 ludis
1069 4923 1332 4990 tractari
1377 4922 1671 5003 solebant
1723 4932 1792 5003 et
1835 4922 1916 4988 ab
1963 4922 2132 4989 omni
2175 4940 2293 4990 usu
2334 4920 2572 4991 forensi
2614 4938 2809 5007 saepe
2853 4920 3045 5007 plane
3088 4919 3537 5001 abhorrebant,
3583 4938 3799 4986 verum
3844 4917 3963 4999 ita,

539 5038 610 5097 ut
653 5051 732 5097 ea
777 5050 939 5116 quae
983 5038 1337 5097 tractantur
1378 5030 1661 5115 perbene
1703 5030 1770 5095 in
1808 5030 1942 5097 vita
1971 5028 2292 5098 cotidiana
2320 5045 2653 5096 occurrere
2683 5034 2965 5114 possent.
3010 5026 3116 5093 Ab
3146 5024 3541 5112 Antiphonte
3572 5022 3965 5093 Rhamnusia
