4559 5560
2163 401 2563 468 ...14-

637 613 844 685 altera
906 613 1030 682 ism
1096 612 1320 690 habita
1377 613 1781 692 accusatione
1845 633 2064 686 servos
2117 616 2505 702 torquendos
2556 636 2703 685 reus
2757 615 2943 683 offert
2988 612 3115 702 (Δδ
3160 613 3253 700 8),
3340 614 3737 699 Plerumque
3780 617 3947 704 enim
3990 618 4059 687 in

633 721 940 802 anserini,
999 741 1184 804 qnam
1259 726 1512 804 vocant,
1579 739 1796 795 servos
1869 720 1939 786 in
1981 721 2437 805 :quaestionem
2504 722 2691 790 datos
2756 741 2898 790 esse
2993 727 3264 790 constat.
3380 722 3689 793 Attamen
3764 724 4057 806 accidere

631 829 864 916 potuit,
933 834 1006 897 ut
1058 827 1128 892 in
1179 827 1320 912 ipso
1353 825 1612 898 judicio
1669 827 1742 895 iu
1781 835 2132 914 conspectu
2170 828 2449 914 iudicum
2490 828 2719 913 aliquis
2763 847 2980 894 servos
3022 827 3093 894 in
3136 834 3453 906 tormenta
3495 829 3699 912 daret,
3756 831 3927 916 quod
3974 851 4058 900 ex

633 931 878 1023 (Dem.)
919 932 1174 1004 XLVII.
1225 932 1330 1000 16.
1379 935 1462 1002 17
1509 941 1578 1000 et
1616 934 1854 1002 Aesch.
1921 932 2074 1019 περὶ
2141 936 2675 1020 παραπρεσβείας
2734 933 2859 998 126
2935 934 3251 1016 discimus,
3321 935 3430 1024 ubi
3488 937 3655 1007 sicut
3727 937 3796 1002 in
3848 937 4057 1006 altera

639 1043 882 1129 primae
925 1040 1305 1125 teti-alogiae,
1349 1039 1718 1108 defensione
1759 1059 1908 1114 reus
1952 1041 2038 1108 ad
2093 1059 2417 1109 servorum
2480 1040 2779 1118 iudicium
2846 1048 3039 1108 antea
3088 1041 3369 1111 nondum
3406 1043 3723 1130 prolatum
3768 1043 4058 1130 confugit

639 1147 750 1236 (cf.
795 1148 1001 1214 Meier
1042 1169 1102 1214 u.
1151 1145 1565 1230 Schoemann,
1614 1147 1730 1214 der
1773 1147 2044 1214 attische
2087 1145 2361 1214 Process
2406 1168 2469 1233 p.
2522 1146 2671 1216 682.
2719 1147 2897 1234 692).

955 1253 1302 1338 Pergamus
1345 1253 1430 1318 ad
1473 1253 1738 1321 alteram
1781 1252 2200 1338 tetralogiam.
2292 1254 2743 1338 Argumentum
2788 1254 2909 1320 hoc
2954 1261 3073 1320 est.
3174 1253 3345 1324 Puer
3414 1255 3687 1338 quidam,
3758 1257 3929 1342 quod
3986 1259 4054 1324 in

637 1361 962 1449 gymnasio
1003 1359 1352 1426 iaculorum
1397 1358 1880 1425 emittendorum
1923 1365 2127 1426 autem
2170 1379 2478 1426 exercens
2520 1359 2709 1427 alium
2753 1382 3017 1447 puerum
3059 1362 3125 1428 in
3170 1361 3361 1428 iaculi
3399 1361 3595 1430 ictum
3622 1364 4054 1432 incurrentem

635 1472 728 1538 ita
790 1469 1255 1549 vulneraverat,
1329 1473 1401 1534 ut
1487 1473 1856 1547 moreretur,
1933 1485 1973 1530 a
2037 1473 2222 1552 patre
2288 1466 2517 1532 mortui
2582 1466 2651 1534 in
2730 1468 3029 1534 iudicium
3101 1476 3365 1536 vocatus
3444 1464 3650 1553 φόνου
3726 1463 4048 1538 α’κονσίον

638 1582 971 1644 accusauit
1013 1571 1152 1658 (Βα
1204 1569 1288 1658 1).
1377 1570 1616 1638 Contra
1657 1572 1754 1638 rei
1797 1579 2000 1658 pater,
2047 1573 2156 1656 qui
2201 1571 2629 1641 defensionem
2674 1595 2711 1640 e
2738 1575 2877 1640 iure
2906 1576 3128 1640 Attico
3158 1574 3445 1662 suscipit,
3492 1577 3659 1642 omni
3691 1577 3881 1664 culpa
3908 1599 4055 1646 enm

635 1684 902 1750 liberum
943 1701 1086 1746 esse
1131 1679 1418 1760 affirmat,
1466 1699 1607 1748 cum
1649 1686 1930 1746 mortuus
1972 1679 2331 1746 inconsulto
2374 1679 2441 1746 in
2486 1679 2603 1746 teli
2644 1681 2837 1748 ictum
2880 1682 3208 1748 incurrens
3248 1682 3388 1767 ipse
3428 1691 3651 1751 auctor
3679 1686 3899 1752 mortis
3930 1687 4053 1751 sibi

637 1789 972 1858 exstiterit,

953 1893 1213 1958 Duabus
1259 1891 1341 1957 de
1387 1891 1592 1956 causis
1645 1891 1805 1957 haec
1870 1891 2209 1976 tetralogia
2276 1912 2413 1958 cum
2482 1891 2731 1977 legibus
2775 1896 3011 1960 Atticis
3070 1894 3325 1961 videtur
3376 1916 3681 1982 pugnare.
3806 1897 4051 1965 Scimus

633 2003 800 2070 enim
844 2021 974 2082 eoa,
1021 1999 1129 2083 qui
1173 1997 1388 2067 caedis
1431 1998 1865 2084 imprudenter
1889 1997 2098 2066 factae
2127 2001 2607 2084 accusabantur,
2653 2023 2969 2086 nunquam
3008 2001 3237 2089 capitis
3278 2001 3625 2084 damnatos,
3672 2003 3789 2069 sed
3820 2007 4045 2073 exsilio

629 2109 928 2176 multatos
1001 2126 1165 2172 esse.
1217 2157 1226 2168 .
1275 2103 1356 2172 Id
1430 2125 1571 2174 cum
1637 2125 1720 2172 ex
1785 2104 1998 2172 multis
2061 2105 2204 2172 aliis
2271 2107 2429 2174 locis
2496 2116 2629 2174 tum
2696 2129 2779 2173 ex
2844 2110 3027 2176 Dem.
3097 2129 3153 2174 c.
3224 2109 3533 2174 Aristocr.
3612 2109 3696 2177 72
3766 2108 3859 2196 (τί
3924 2097 4047 2181 οὖν

635 2213 674 2282 ὁ
715 2211 917 2298 νόμος
959 2207 1245 2296 κελεύεις
1287 2208 1399 2278 τὸν
1445 2205 1680 2278 ἁλόντα
1723 2205 1823 2276 ἐπ’
1865 2205 2164 2299 α’κονσίῳ
2211 2208 2395 2298 φόνῳ
2439 2209 2509 2278 ἔν
2550 2231 2713 2288 ,τισιν
2758 2213 3125 2300 εἰρημένοις
3162 2210 3418 2299 χρόνοις
3450 2207 3779 2304 ἀπελθεῖν
3807 2217 4051 2308 τακτὴν

631 2317 787 2388 δδδν
832 2320 944 2386 καὶ
987 2313 1286 2404 φεύγειν)
1330 2324 1600 2404 apparet
1646 2315 1754 2400 (cf.
1801 2316 2102 2404 Philippi,
2151 2319 2268 2384 der
2298 2321 2599 2405 Areopag
2642 2321 2773 2388 und
2804 2321 2908 2386 die
2939 2321 3254 2408 Epheten,
3300 2319 3523 2388 Berlin
3560 2321 3729 2386 1874
3760 2345 3825 2410 p.
3864 2325 4040 2413 115).

631 2431 722 2496 At
763 2429 832 2494 in
874 2428 1078 2514 prima
1121 2424 1486 2494 defensione
1531 2425 1727 2507 ΒβΙΟ
1770 2425 2064 2509 legimus:
2109 2420 2224 2490 ἐπί
2252 2447 2320 2492 τε
2350 2421 2469 2510 γάρ
2498 2428 2576 2514 τῇ
2604 2423 2835 2494 τούτου
2867 2428 3207 2514 διαφθορᾷ
3236 2421 3513 2511 ἀβίωτον
3542 2420 3618 2490 τὸ
3650 2426 4041 2512 λειπόμενον

629 2538 748 2603 τοῦ
787 2536 938 2619 βίον
985 2527 1181 2611 διάξω
1223 2527 1339 2607 ἐπί
1378 2551 1448 2596 τε
1491 2531 1572 2618 τῇ
1613 2525 1897 2612 ἐμαυτοῦ
1939 2523 2222 2618 α’παιδίᾳ
2265 2531 2387 2608 ζῶν
2426 2528 2515 2597 ἔτι
2542 2530 3145 2620 κατορυχθήσομαι,
3188 2534 3387 2618 Ββ12
3418 2529 3613 2608 ὁσίως
3644 2533 3753 2600 καὶ
3784 2537 4046 2614 δικαίως

632 2635 958 2709 ἀπολύετε
1021 2639 1190 2726 ἡμᾶς
1253 2635 1364 2706 καὶ
1425 2633 1523 2724 μή
1585 2629 1974 2704 α’θλιωτάτω
2019 2633 2138 2706 δύο
2185 2637 2435 2722 πατέρα
2480 2636 2591 2704 καὶ
2644 2639 2851 2704 παῖδα
2904 2633 3135 2726 ἀώροις
3198 2645 3567 2726 συμφοραῖς
3629 2637 4044 2730 περιβάλητε,

635 2747 778 2815 Βδ9
847 2743 886 2813 ὅ
951 2741 1023 2812 δὲ
1086 2740 1382 2832 καθαρός
1443 2737 1558 2870 τιξς
1621 2741 1834 2815 αἰτίας
1895 2738 2008 2810 ἐὰν
2072 2745 2435 2833 διαφθαρῇ,
2496 2751 2631 2815 τοῖς
2695 2741 3268 2829 καταλαμβάνουσι
3314 2745 3543 2835 μεῖζον
3596 2739 3667 2813 τό
3724 2741 4044 2831 ἐνθύμιον

629 2851 984 2941 γενήσεται,
1046 2851 1236 2933 Βγ12
1278 2853 1392 2939 τῆς
1444 2872 1561 2919 ουν
1622 2843 1940 2935 ὑμετέρας
2003 2843 2349 2934 εὐσεβείας
2410 2846 2605 2917 ἕνεκα
2662 2848 2771 2917 καὶ
2814 2850 2942 2913 τῶν
2983 2845 3203 2931 νόμων
3251 2843 3603 2930 ἀπάγοντες
3644 2856 4045 2938 τιμωρεῖσθε

631 2954 833 3028 αὐτόν
880 3007 896 3023 .
943 3008 962 3024 .
1008 3007 1026 3024 .
1077 3006 1092 3023 .
1137 2956 1412 3043 Legenti
1452 2958 1613 3026 haec
1664 2957 1864 3023 verba
1927 2964 2278 3039 accusatus,
2350 2958 2405 3022 si
2472 2957 2823 3040 damnetur,
2892 2978 2973 3023 ne
3044 2958 3273 3043 capitis
3340 2959 3654 3046 supplicio
3711 2959 4041 3043 afficiatur,

629 3067 882 3137 videtur
923 3067 1168 3133 timere.
1274 3063 1500 3149 Neque
1543 3072 1758 3131 tamen
1799 3084 1870 3129 re
1914 3084 2068 3131 vera.
2111 3062 2195 3129 ad
2239 3082 2540 3131 summum
2584 3063 2963 3150 supplicium
3005 3062 3166 3129 haec
3211 3062 3547 3131 referenda
3576 3074 3741 3132 sunt.
3835 3064 4040 3131 Voca-

631 3174 782 3241 bula
822 3173 1254 3257 διαφθείρειν,
1309 3163 1661 3257 διαφθορά,
1728 3162 2007 3237 α’παιδία
2057 3170 2247 3235 aliter
2314 3170 2692 3257 explicanda
2758 3178 2923 3235 sunt.
3016 3169 3237 3237 Verbo
3285 3173 3697 3259 διαφθείρειν
3742 3171 3811 3236 in
3856 3181 4043 3239 tetra·

627 3281 815 3366 logiis
879 3277 1248 3364 saepissime
1315 3283 1414 3343 est
1475 3277 1650 3345 notio
1695 3276 1966 3342 necandi
2011 3274 2206 3361 (Αα4,
2264 3276 2425 3361 Δβῑ),
2483 3278 2637 3359 Αγ2,
2685 3276 2836 3359 Αγ9,
2884 3278 3044 3358 Αδ4,
3094 3277 3240 3343 Γα4
3284 3276 3419 3362 aL),
3478 3296 3661 3361 quam
3716 3280 4039 3344 notionem

631 3390 824 3457 etiam
865 3386 1034 3473 apud
1081 3404 1210 3467 eos,
1281 3385 1392 3471 qui
1433 3390 1580 3450 ante
1628 3383 2042 3469 Antiphontis
2087 3390 2363 3451 aetatem
2402 3382 2671 3465 fuerunt,
2720 3384 3063 3469 scriptores
3110 3384 3177 3447 in
3221 3384 3343 3449 hoc
3387 3385 3585 3450 verbo
3629 3386 3840 3453 inesse
3888 3390 4042 3453 satis

632 3502 902 3561 constat.
1001 3490 1081 3557 In
1135 3491 1366 3567 ceteris
1411 3490 1822 3576 Antiphontis
1885 3489 2271 3555 orationibus
2336 3490 2533 3556 semel
2586 3490 2867 3557 occurrit
2910 3487 3025 3577 (V.
3075 3488 3159 3555 72
3204 3488 3323 3579 τήν
3368 3486 3625 3578 γνώμην
3670 3493 4045 3577 διαφθείρει

631 3603 751 3667 τοῦ
805 3592 1209 3685 ἀνθρώπου),
1281 3598 1387 3663 ubi
1455 3595 1894 3682 conumpendi
1949 3594 2054 3660 vel
2117 3596 2431 3685 perdendi
2491 3597 2811 3663 notionem
2853 3596 3067 3663 habet,
3156 3594 3287 3662 Sed
3333 3618 3417 3663 ex
3460 3618 3537 3663 ea
3580 3596 4041 3682 significatione

629 3709 812 3775 huius
855 3706 1058 3787 verbi,
1106 3724 1268 3790 quae
1311 3704 1719 3773 usitatissima
1761 3702 1931 3789 apud
1977 3702 2323 3788 scriptores
2364 3702 2646 3769 Graecos
2693 3703 2949 3771 videtur
2992 3724 3134 3770 esse
3180 3701 3532 3791 (perdere),
3578 3704 3703 3769 alia
3748 3712 3898 3769 nata
3942 3714 4045 3771 est

628 3816 698 3881 in
741 3814 1116 3899 tetralogus.
1205 3809 1472 3897 Saepius
1511 3810 1678 3879 enim
1708 3809 1776 3875 in
1805 3808 2160 3893 tetra-logiis
2189 3808 2361 3874 idem
2389 3809 2524 3875 fere
2553 3811 2745 3893 valet,
2794 3809 2963 3894 quod
2993 3805 3546 3893 καταγιγνώσκειν,
3593 3806 4043 3889 καταδικάζειν

631 3918 1112 4010 (condemnare)
1172 3919 1372 3990 verba
1439 3914 1547 4003 (cf.
1597 3916 1760 3995 Αα8,
1805 3916 1968 4003 Αβ2,
2014 3915 2176 4002 Αβῖ,
2224 3916 2382 3999 ΑδΊ,
2432 3920 2594 3999 Γβ1,
2645 3916 2879 4003 ΓδΙΟ).
2980 3916 3183 3983 Simili
3252 3916 3437 3981 modo
3509 3916 3591 3982 ab
3644 3918 4041 4005 Antiphonte

629 4028 890 4098 verbum
941 4019 1320 4097 ἀπολλύναι
1369 4024 1488 4089 sub
1541 4022 1798 4106 notione
1845 4021 2305 4111 condemnandi
2350 4032 2714 4109 usurpatum
2760 4044 2901 4091 esse
2945 4022 3120 4089 Frid.
3168 4022 3457 4107 Ignatius
3502 4022 3666 4089 vidit
3711 4023 3821 4112 (de
3866 4025 4044 4089 Anti-

629 4134 886 4223 phontis
913 4132 1298 4217 -Rbamnusii
1363 4129 1720 4204 elocutione
1788 4128 2248 4210 commentatio,
2284 4129 2603 4197 .Berolini
2661 4129 2851 4213 1882,
2906 4152 2971 4217 p.
3031 4128 3141 4213 7.).
3232 4127 3363 4195 Sed
3420 4128 3683 4197 forsitan
3732 4132 4051 4219 quispiam

633 4241 866 4309 dixerit
933 4238 1196 4327 primam
1225 4289 1232 4298 .
1260 4244 1328 4305 et
1394 4236 1648 4304 tertiam
1712 4234 2112 4319 teu-alogiam
2179 4237 2262 4303 ad
2330 4232 2535 4323 φόνον
2601 4232 2899 4303 ἑκούσιον
2954 4236 3276 4321 pertinere
3333 4256 3595 4321 eamque
3650 4238 3733 4303 ob
3788 4258 4040 4305 causam

631 4348 1046 4433 διαφθείρειν
1119 4344 1380 4412 verbum
1451 4340 1578 4407 illis
1650 4341 1808 4409 locis
1880 4350 2246 4431 usurpatum
2323 4363 2483 4409 esse.
2602 4346 2695 4409 At
2756 4362 2839 4407 ex
2905 4342 3117 4409 verbis
3188 4392 3204 4412 .
3252 4390 3271 4408 .
3322 4390 3339 4407 .
3402 4339 3537 4411 ὑπὸ
3603 4346 3721 4432 τῆς
3786 4344 4040 4431 γραφῆς

631 4451 1084 4539 διαφθαρῆναι
1125 4448 1255 4534 (Aa
1301 4446 1396 4537 8),
1463 4448 1918 4533 quocum.loco
1960 4449 2343 4523 conferenda
2386 4456 2553 4533 sunt,
2598 4468 2760 4533 quae
2806 4449 2968 4531 Αα6,
3017 4449 3157 4535 Αβ9
3202 4448 3517 4533 leguntur,
3566 4449 4039 4533 tetralogiarum

631 4564 952 4647 auctorem
993 4576 1154 4643 ,non
1207 4556 1442 4639 solum,-
1502 4576 1642 4626 cum
1694 4556 1776 4626 de
1829 4575 2066 4633 summo
2117 4554 2435 4647 supplicio
2480 4562 2725 4639 agatur,
2796 4554 2911 4621 sed
2955 4554 3165 4645 etiam,
3236 4576 3377 4622 cum
3421 4555 3723 4621 leviorem
3768 4575 4039 4641 poenam

631 4661 970 4747 significet,
1035 4663 1446 4749 διαφθείρειν
1496 4664 1696 4731 verbo
1762 4682 1940 4729 usum
2018 4682 2160 4729 esse
2205 4662 2560 4730 luculenter
2603 4670 2893 4747 apparet.
2983 4658 3209 4750 Itaque
3254 4662 3447 4729 etiam
3488 4662 3557 4727 in
3600 4662 3804 4727 altem
3848 4670 4039 4732 tetra·

630 4768 814 4853 logia
847 4768 970 4859 hoc
1012 4768 1385 4842 vocabulum
1425 4788 1730 4861 usurpare
1781 4767 2009 4857 potuit,
2081 4788 2437 4854 quanquam
2498 4768 2789 4839 exsilium
2842 4776 3085 4847 tantum
3140 4776 3441 4842 accusato
3484 4767 3869 4855 imminebat.
3958 4762 4035 4835 Id

632 4884 844 4967 sutem
883 4876 1106 4946 mirum
1149 4896 1306 4965 esse
1322 4896 1466 4952 non
1505 4884 1742 4965 potest,
1788 4874 1966 4961 quod
2002 4882 2188 4965 pater
2211 4874 2479 4963 timens,
2524 4895 2608 4968 ne
2650 4875 2874 4950 filius
2852 4896 2923 4942 m
2952 4875 3240 4956 exsilium
3270 4874 3565 4961 eiciatur,
3598 4883 3835 4941 sortem
3860 4894 4039 4945 suam

633 4982 1228 5058 tmvehementer
1283 4982 1598 5069 deplorat,
1667 4981 1818 5071 quis
1879 4982 2258 5052 arctioribus
2302 4982 2593 5073 vinculis,
2660 5003 2857 5071 quam
2895 4991 3153 5052 nostrae
3196 4981 3429 5064 aetatis
3474 4981 3757 5050 homines
3806 4981 4037 5067 solent,
