4559 5560
2022 431 2423 498 ..13-

495 665 568 698 =
609 645 858 714 V1.4⁷
925 643 1038 710 καὶ
1081 643 1150 710 οἱ
1190 641 1314 727 μὲν
1365 635 1554 710 ἄλλοι
1616 637 1966 728 ἅνθρωποι
2016 649 2156 717 τοῖς
2196 639 2401 726 ἔργοις
2440 639 2591 719 τούς
2634 639 2865 723 λόγους
2924 637 3393 723 ἐξελέγχουσιν,
3440 623 3621 708 οὗτοι
3664 637 3738 706 δὲ
3778 648 3912 715 wls·

494 749 710 834 λόγως
753 751 1018 838 ζητοῦσι
1057 732 1139 816 τά·
1179 746 1332 835 ἔργα
1377 745 1620 816 ἄπιστα
1663 751 2083 838 καταστῆσαι.
2173 747 2228 816 1.
2282 749 2361 815 11
2408 765 2482 799 ιι·-
2522 747 2610 814 v,
2656 747 2767 816 38.
2854 747 3163 814 Videmus
3215 747 3409 833 igitur
3452 749 3913 835 Antiphontem

496 859 752 928 eaedem
820 858 1171 924 sententias
1229 863 1300 924 et
1365 863 1752 942 argumenta,
1825 876 1988 940 quae
2035 857 2096 923 ei
2149 877 2439 941 magnam
2482 856 2609 922 vim
2656 855 2895 922 habere
2934 855 3333 938 videbantur,
3379 856 3517 922 sine
3560 857 3693 922 ulla
3736 855 3909 922 dubi-

493 965 738 1033 tatione
804 971 1120 1051 repetere.
1233 962 1462 1030 Nonne
1512 963 1743 1047 -igitur,
1813 963 1868 1028 si
1923 963 2188 1030 eandem
2243 964 2499 1030 dicendi
2560 961 3073 1030 consuetudinem
3118 957 3185 1027 in
3230 963 3583 1047 tetralogiis
3623 964 3913 1030 adhiberi
4022 983 4031 1004 ⁸

496 1079 770 1155 constat,
831 1071 914 1137 ab
958 1070 1353 1158 Antiphonte
1412 1089 1524 1138 eas
1579 1069 1971 1156 conscriptas
2025 1091 2168 1137 esse
2227 1069 2627 1157 putabimus?
2717 1067 2849 1134 Sed
2892 1069 3082 1134 etiam
3127 1069 3254 1135 alia
3298 1069 3379 1134 de
3424 1089 3615 1136 causa
3659 1070 3741 1136 de
3784 1071 3913 1136 imi-

493 1185 704 1246 tatore
749 1179 1032 1263 cogitare
1077 1187 1383 1244 vetamur.
1472 1175 1618 1243 Non
1663 1177 1831 1242 enim
1875 1177 2094 1242 mirum
2139 1184 2327 1260 esset,
2376 1178 2431 1242 si
2477 1177 2637 1260 quis,
2686 1193 2826 1240 cum
2869 1175 3328 1262 Antiphontem
3372 1175 3497 1241 sibi
3540 1177 3625 1242 ad
3668 1177 3912 1244 imitan-

497 1285 640 1352 dum
685 1283 1122 1371 proposuisset
1167 1292 1236 1350 et
1277 1283 1612 1350 sententiis
1659 1290 1726 1348 et
1769 1281 2152 1367 argumentis
2196 1301 2391 1369 saepe
2434 1281 2659 1347 iisdem
2702 1301 2851 1348 usus
2896 1289 3087 1364 esset,
3131 1283 3200 1347 in
3240 1282 3654 1369 dispositione
3700 1285 3782 1350 ab
3828 1306 3905 1352 eo

491 1391 906 1459 recessisset?
995 1391 1310 1475 Equidem
1361 1409 1727 1477 persuasum
1783 1390 1989 1455 habeo
2033 1391 2411 1455 imitatorem
2456 1388 2648 1455 etiam
2690 1388 2812 1455 hac
2855 1388 2923 1453 in
2964 1407 3037 1454 re
3082 1389 3269 1454 anxie
3310 1390 3584 1474 vestigia
3627 1393 3903 1457 auctoris

496 1505 851 1566 secuturum
895 1497 1108 1564 fuisse.
1199 1497 1442 1563 Eadem
1487 1503 1696 1562 autem
1742 1495 2172 1581 dispositionis
2219 1495 2683 1578 dissimilitudo,
2732 1514 2895 1579 quae
2934 1495 3105 1561 inter
3147 1493 3518 1580 tetralogias
3564 1503 3631 1562 et
3661 1505 3909 1565 ceteras

493 1606 812 1671 orationes
877 1603 1238 1686 intercedit,
1309 1605 1498 1670 etiam
1565 1610 1934 1688 argumento
1994 1621 2136 1668 esse
2190 1608 2407 1688 potest
2466 1601 2837 1686 teti-alogias
2882 1621 3008 1667 non
3054 1619 3207 1667 casu
3250 1603 3317 1666 in
3362 1601 3775 1687 Antiphontis
3818 1625 3912 1671 re-

492 1711 706 1796 liquiis
753 1712 1001 1778 habitas
1047 1717 1116 1776 et
1159 1711 1274 1777 sub
1320 1711 1572 1776 nomine
1617 1709 1752 1776 eius
1796 1709 2066 1775 traditas
2113 1727 2275 1774 esse.
2367 1707 2905 1774 Verisimillimum
2950 1709 3117 1774 enim
3161 1716 3263 1774 est
3304 1705 3576 1774 futurum
3617 1709 3809 1776 fuisse
3838 1719 3910 1778 ut

494 1817 616 1884 hac
669 1817 1176 1884 dissimilitudine
1233 1817 1657 1900 unusquisque
1716 1815 2147 1901 impediretur,
2219 1816 2546 1898 quominus
2591 1815 3003 1902 Antiphontis
3062 1815 3206 1882 illas
3252 1835 3393 1880 esse
3438 1825 3711 1902 putaret,
3790 1819 3913 1886 nisi

495 1924 610 1990 sub
655 1925 790 1990 eius
835 1924 1086 1990 nomine
1131 1923 1534 1990 circumlatae
1580 1929 1810 1989 essent.

813 2031 916 2096 Ex
959 2031 1344 2116 argumentis
1388 2031 1582 2114 igitur
1625 2035 1693 2094 et
1751 2027 2084 2095 sententiis
2141 2028 2393 2094 minime
2448 2029 2866 2094 demonstrari
2925 2035 3141 2115 potest
3183 2028 3557 2113 tetralogias
3602 2031 3685 2096 ab
3731 2032 3908 2098 Anti-

491 2138 734 2224 phonte
779 2135 1230 2203 abiudicandas
1265 2157 1425 2203 esse.
1517 2133 1647 2200 Sed
1693 2134 1960 2200 fortasse
2004 2134 2177 2200 aliud
2224 2133 2581 2219 significare
2625 2134 2763 2200 vult
2808 2133 3263 2218 Dittenberger
3307 2155 3446 2200 cum
3491 2135 3695 2203 dicat:
3766 2138 3912 2221 „ich

492 2244 726 2330 glaube
771 2293 788 2310 .
839 2293 855 2312 .
905 2294 922 2310 .
971 2296 986 2311 .
1033 2264 1145 2310 aus
1191 2245 1338 2310 dem
1381 2241 1744 2308 sachlichen
1787 2241 1974 2306 Theil
2019 2241 2137 2306 der
2179 2239 2409 2306 Reden
2452 2239 3001 2307 Entscheidendes
3046 2261 3255 2326 gegen
3294 2241 3405 2308 die
3436 2241 3739 2310 Echtheit
3780 2245 3911 2310 bei·

491 2352 762 2436 bringen
806 2369 882 2416 zu
925 2349 1248 2418 konnen.“
1339 2349 1593 2416 Etenim
1636 2355 1709 2414 ut
1752 2348 2129 2432 tetralogiae
2173 2367 2301 2413 non
2346 2349 2427 2414 ab
2472 2347 2888 2435 Antiphonte,
2962 2347 3077 2412 sed
3138 2368 3177 2413 a
3236 2347 3493 2414 falsario
3538 2351 3911 2435 posterioris

492 2459 722 2524 aetatis
789 2458 1174 2545 compositae
1241 2457 1388 2538 sint,
1457 2455 1524 2522 in
1592 2455 1704 2538 eie,
1763 2475 1924 2540 quae
1977 2456 2062 2520 ad
2118 2475 2222 2520 res
2275 2455 2558 2521 forenses
2618 2462 2687 2520 et
2729 2454 2814 2520 ad
2857 2473 3033 2520 usum
3078 2453 3210 2520 litis
3256 2455 3514 2521 Atticae
3560 2457 3909 2542 pertinent,

490 2565 765 2650 vestigIa
809 2565 944 2630 eius
989 2565 1381 2650 deprehendi
1423 2583 1612 2650 posse
1656 2563 1792 2628 iure
1821 2563 2172 2645 meritoque
2217 2561 2357 2645 quis
2389 2561 2751 2627 crediderit.
2843 2563 3057 2644 Atque
3078 2581 3150 2627 re
3176 2579 3331 2626 vera
3347 2563 3911 2648 Dittenbergerum

488 2672 794 2758 immimis
839 2671 919 2737 de
979 2671 1214 2738 talibus
1264 2671 1647 2756 argumentis
1701 2669 2101 2754 cogitavisse,
2171 2689 2253 2734 ex
2294 2667 2547 2750 litteris,
2604 2688 2760 2752 quas
2803 2667 3036 2734 abhinc
3080 2669 3413 2735 triennium
3458 2671 3611 2734 mihi
3655 2673 3907 2758 petenti

492 2779 683 2861 misit,
754 2777 1042 2864 cognovi.
1147 2777 1320 2845 Dicit
1381 2778 1546 2845 enim
1605 2776 1976 2861 tetralogias
2029 2775 2347 2841 nonnullis
2390 2775 2550 2842 locis
2592 2774 2924 2842 manifesto
2968 2796 3255 2862 pugnare
3299 2796 3441 2842 cum
3484 2777 3621 2843 iure
3666 2777 3906 2862 Attico,

493 2886 661 2968 quod
705 2885 790 2950 ad
836 2885 1096 2951 caedem
1141 2886 1438 2972 pertinet.
1531 2884 1660 2951 Sed
1708 2884 2000 2967 quoniam
2041 2883 2339 2965 nondum,
2389 2882 2556 2966 quod
2602 2884 2816 2964 sciam,
2863 2892 3085 2969 aperte
3130 2883 3310 2965 dixit,
3358 2884 3591 2968 quibus
3620 2886 3689 2950 in
3718 2887 3909 2953 rebus

491 2989 868 3075 ten-alogiae
911 3012 1040 3057 non
1087 2992 1468 3057 conveniant
1527 3012 1666 3057 cum
1721 2992 1968 3075 legibus
2013 2988 2268 3073 Atticis,
2338 2991 2721 3074 inquiramus
2779 2991 2845 3055 in
2900 2991 3065 3055 hanc
3108 3011 3242 3057 rem
3286 2992 3475 3077 paulo
3520 2994 3903 3079 accuratius3

493 3096 548 3161 si
591 3097 752 3169 nihil
793 3096 984 3179 aliud,
1031 3097 1299 3163 fortasse
1345 3098 1412 3162 id
1457 3098 1818 3180 efficiemus,
1869 3104 1942 3163 ut
1984 3098 2085 3163 vir
2126 3096 2238 3163 ille
2281 3116 2490 3162 rerum
2519 3098 2872 3162 Atticarum
2914 3096 3351 3182 peritissimus,
3384 3098 3537 3182 quid
3568 3098 3650 3164 de
3680 3099 3802 3165 hac
3830 3120 3903 3168 re

495 3203 749 3284 sentiat,
796 3202 1036 3290 publici
1079 3204 1232 3269 iuris
1277 3202 1468 3269 faciat
1513 3224 1766 3287 eosque,
1815 3205 1923 3287 qui
1967 3202 2335 3289 teti-alogias
2375 3203 2784 3290 Antiphontis
2830 3222 2972 3269 esse
3018 3204 3300 3285 credant,
3348 3204 3609 3269 meliora
3654 3205 3901 3273 doceat.

813 3309 1029 3375 Prima
1071 3309 1410 3393 teu-alogia
1462 3310 1542 3374 ad
1601 3308 1817 3375 caedis
1878 3310 2380 3397 praemeditatae
2442 3312 2754 3377 actionem
2822 3317 3089 3397 spectat.
3196 3308 3371 3376 Civis
3418 3310 3672 3394 quidam
3714 3320 3907 3379 nocte

495 3434 636 3481 cum
679 3434 863 3481 servo
919 3438 958 3481 a
1011 3438 1210 3483 caena
1276 3416 1530 3483 rediens
1581 3416 1960 3483 interficitur
2004 3438 2144 3483 cum
2195 3417 2339 3504 ipso
2384 3418 2632 3483 comite.
2722 3416 3025 3483 Dominus
3070 3416 3325 3501 quidem
3366 3418 3581 3483 statim
3626 3428 3905 3487 mortuus

495 3530 613 3605 est,
660 3541 879 3588 servus
923 3530 1152 3603 autem,
1218 3524 1325 3607 qui
1367 3525 1549 3589 vivus
1593 3530 1884 3610 repertus
1931 3531 2048 3605 est,
2113 3531 2449 3611 postquam
2492 3523 2561 3588 in
2605 3523 2971 3589 sicariorum
3014 3542 3271 3591 numero
3316 3523 3635 3590 inimicum
3665 3525 3901 3592 domini

494 3648 566 3693 se
627 3628 962 3714 agnovisse
1016 3628 1367 3710 affirmavit,
1436 3630 1705 3695 animam
1764 3628 2018 3696 efflavit.
2121 3628 2305 3696 Illum
2358 3630 2555 3715 igitur
2619 3630 2935 3695 inimicum
2981 3630 3237 3713 cognati
3280 3630 3549 3696 hominis
3596 3633 3792 3698 occisi
3836 3634 3906 3700 in

489 3734 789 3801 iudicium
849 3745 1082 3802 vocant
1145 3743 1213 3801 et
1257 3736 1471 3802 caedis
1526 3736 1935 3819 voluntariae,
1997 3738 2166 3803 servi
2209 3738 2589 3820 testimonio,
2632 3737 2937 3823 imprimis
2982 3744 3191 3802 autem
3236 3738 3623 3821 argumentis
3668 3736 3745 3804 ἐκ
3788 3744 3913 3805 ωῦ·
3964 3769 3979 3783 =

493 3837 742 3917 εἰκότος
787 3842 1136 3930 desumptis
1182 3842 1421 3925 confisi,
1471 3845 1850 3910 convincere
1883 3845 2159 3911 student.
2251 3842 2604 3911 Inimicitiis
2634 3845 2820 3927 enim,
2867 3862 3029 3927 quae
3066 3844 3239 3909 inter
3263 3862 3441 3909 reum
3474 3852 3545 3912 et
3568 3845 3906 3933 interemp-

492 3952 626 4011 tum
675 3947 1204 4033 intercessissent,
1271 3950 1446 4015 illum
1501 3959 1873 4016 commotum
1917 3971 2080 4034 esse,
2149 3960 2220 4017 ut
2275 3952 2703 4017 adversarium
2746 3972 2924 4017 suum
2968 3951 3051 4016 de
3093 3950 3303 4017 medio
3346 3950 3625 4035 tolleret,
3700 3974 3781 4018 ne
3824 3956 3907 4020 ab

494 4072 572 4118 eo
617 4054 935 4139 sacrilegii
981 4056 1462 4122 convinceretur
1506 4059 1636 4141 (Aa
1682 4056 1770 4143 6).
1858 4056 2033 4123 Reus
2078 4078 2160 4123 ex
2203 4058 2360 4144 ipsis
2404 4058 2531 4124 illis
2572 4058 2919 4124 inimicitiis
2964 4065 3415 4142 argumentum,
3473 4080 3599 4143 quo
3646 4061 3907 4128 caedem

495 4179 534 4224 a
577 4178 650 4225 se
692 4180 820 4226 non
864 4168 1178 4247 patratam
1233 4182 1375 4229 esse
1422 4164 1828 4246 demonstret,
1897 4164 2134 4251 repetit
2193 4174 2262 4231 et
2320 4165 2739 4249 suspicionem
2782 4165 2849 4230 in
2894 4164 3071 4246 alios,
3140 4163 3445 4251 imprimis
3488 4166 3558 4232 in
3604 4166 3905 4251 latrones,

493 4272 782 4331 avertere
849 4266 1082 4333 studet.
1197 4269 1457 4335 Duabus
1523 4270 2026 4336 accusationibus
2087 4270 2247 4338 duae
2310 4272 2709 4338 defensiones
2754 4292 2795 4339 a
2836 4292 2947 4339 reo
2992 4280 3396 4359 opponuntur
3452 4280 3520 4339 et
3574 4292 3671 4356 ea,
3742 4294 3906 4357 quae

493 4372 680 4439 modo
724 4380 796 4441 ut
837 4394 994 4439 vera
1036 4373 1142 4439 vel
1186 4375 1548 4441 verisimilia
1591 4377 1674 4443 ab
1719 4377 2083 4442 adversario
2115 4377 2367 4463 prolata
2396 4387 2561 4461 sunt,
2606 4378 2676 4443 in
2704 4379 3063 4463 insequenti
3092 4380 3484 4445 oratiuncula
3510 4380 3906 4449 refelluntur.

812 4478 990 4547 Nihil
1029 4480 1218 4563 inest,
1266 4481 1436 4564 quod
1480 4502 1620 4548 cum
1665 4482 1912 4569 legibus
1943 4483 2177 4549 Atticis
2219 4482 2327 4549 vel
2370 4486 2559 4551 rebus
2603 4482 2957 4552 forensibus
3002 4486 3255 4553 aliunde
3302 4488 3471 4553 notis
3512 4508 3640 4553 non
3670 4488 3909 4574 optime

495 4588 833 4673 conspiret.
923 4586 1202 4673 Legibus
1247 4588 1414 4653 enim
1458 4588 1692 4656 Atticis
1734 4590 2206 4676 praescribitur,
2251 4601 2344 4675 ut,
2392 4593 2449 4658 si
2490 4602 2823 4660 accusatus
2868 4612 2950 4659 ex
2992 4594 3268 4661 iudicum
3296 4594 3615 4659 sententia
3645 4594 3907 4662 caedem

491 4691 860 4778 patraverit,
907 4694 1134 4781 capitis
1167 4694 1498 4761 damnetur
1527 4702 1594 4762 et
1619 4696 2054 4779 interficiatur,
2101 4696 2225 4762 nisi
2253 4706 2462 4774 antea,
2494 4699 2563 4765 id
2592 4700 2764 4785 quod
2795 4698 2857 4765 ei
2888 4718 3011 4788 per
3034 4700 3213 4785 leges
3238 4698 3494 4783 licebat,
3526 4700 3594 4767 in
3618 4700 3909 4769 exsilium

493 4798 742 4865 abierit.
812 4799 941 4884 (Αβ
963 4800 1007 4865 9
1029 4796 1146 4865 ἐᾶν
1167 4796 1242 4864 δὲ·
1257 4798 1378 4865 miv
1401 4801 1858 4890 καταληφθεὶς
1887 4798 2233 4885 ἀποθάνω,
2263 4798 2505 4873 α’νόσια
2526 4802 2747 4893 ὀνείδη
2771 4810 2911 4879 τοῖς
2940 4804 3167 4873 παισὶν
3192 4802 3563 4893 ὗπυλείψὼ,
3608 4801 3661 4898 ἥ
3689 4804 3909 4891 φυγῶν

491 4906 689 4991 γέρων
735 4903 846 4969 καὶ
891 4900 1128 4979 ἄπολις
1179 4902 1260 4971 ὢν
1303 4901 1418 4975 ἐπὶ
1463 4910 1678 4987 ξενίας
1729 4904 2132 4997 munz-stium).
2246 4910 2492 4995 Omnia,
2560 4930 2723 4997 quae
2786 4914 2857 4979 in
2920 4910 3125 5000 prima
3187 4910 3530 4999 teti-alogia
3588 4910 3903 5000 leguntur,

491 5012 775 5097 perbene
819 5032 959 5080 cum
1001 5034 1120 5079 usu
1161 5022 1232 5081 et
1275 5014 1728 5082 consuetudine
1770 5014 1892 5082 fori
1935 5016 2142 5083 Attici
2189 5014 2561 5105 congruunt,
2627 5020 2751 5086 nin?
2816 5018 2981 5087 forte
3032 5018 3102 5086 id
3160 5018 3491 5088 offensioni
3545 5028 3665 5107 est,
3735 5016 3908 5106 quod
