4559 5560
2115 456 2511 517 -3-

581 673 1072 758 comparativum
1145 662 1471 750 εἰκότερσν
1544 667 1786 750 fingexe
1859 667 2056 746 licuit,
2138 686 2250 732 cur
2315 666 2483 730 idem
2540 662 2927 749 Antiphonti
2992 681 3119 728 non
3180 659 3449 741 licuerit,
3519 661 3813 744 equidem
3872 684 3999 730 non

577 779 903 862 intellego,

898 895 1212 971 Εὕπετῶς
1278 897 1643 964 adverbium
1703 905 1770 962 et
1829 896 2209 963 adiectivum
2268 890 2353 962 εὖ
2355 891 2523 985 πετή
2530 917 2560 966 ς
2604 896 2857 981 saepius
2904 889 3218 980 reperitur
3260 895 3433 979 apud
3476 904 3699 980 poetas
3747 894 4000 965 Atticos

583 1017 653 1076 et
697 1007 866 1096 apud
911 1007 1266 1073 Platonem.

897 1131 1127 1198 Forma
1180 1127 1624 1212 ἄκεσαμένους
1676 1150 1802 1198 non
1864 1130 2064 1195 solum
2118 1111 2430 1196 hominem
2474 1127 2755 1193 Ionicum
2801 1127 2893 1191 uti
2938 1125 3241 1212 potuisse,
3289 1125 3405 1191 sed
3452 1127 3642 1194 etiam
3688 1131 3991 1216 Atticum,

579 1243 686 1326 qui
753 1239 993 1328 poetici
1059 1235 1361 1304 sermonis
1422 1236 1734 1301 interdum
1789 1237 2072 1320 sequitur
2124 1236 2414 1319 vestigia,
2485 1235 2679 1300 multa
2740 1233 2978 1298 docent
3026 1233 3315 1318 exempla
3361 1235 3425 1298 in
3472 1233 3694 1299 lexicis
3743 1237 3995 1305 collata.

896 1363 1031 1428 Iam
1077 1362 1186 1428 illa
1229 1359 1428 1446 magis
1473 1360 1624 1424 mihi
1669 1359 2068 1447 respicienda
2121 1359 2437 1440 videntur,
2508 1379 2671 1446 quae
2738 1359 2804 1422 in
2874 1357 3226 1442 tetralogiis
3281 1358 3554 1425 labentis
3610 1359 3999 1430 Graecitatis

579 1472 851 1556 vestigia
893 1472 1104 1536 inesse
1150 1469 1461 1535 dicuntur.
1555 1465 1714 1532 Nam
1762 1467 1818 1531 si
1863 1465 2057 1531 multa
2101 1467 2168 1530 in
2217 1465 2571 1550 tetralogiis
2625 1465 3047 1545 inveniuntur,
3098 1486 3259 1549 quae
3308 1475 3545 1532 tantum
3595 1470 3765 1555 apud
3796 1482 4001 1556 poste-

576 1580 760 1646 rioris
807 1575 1033 1643 aetatis
1079 1575 1422 1662 scriptores
1469 1582 1743 1654 exstant,
1791 1593 1900 1638 eas
1947 1571 2058 1638 illa
2103 1580 2318 1637 aetate
2365 1571 2635 1658 scriptas
2667 1591 2808 1637 esse
2848 1593 3110 1637 necesse
3143 1583 3259 1637 est.
3337 1571 3466 1639 Sed
3500 1577 3621 1640 iam
3652 1576 3994 1660 videamus,

582 1706 744 1769 quae
788 1683 900 1750 illa
943 1683 1071 1748 sint
1112 1681 1386 1748 labentis
1430 1680 1816 1747 Graecitatis
1865 1679 2173 1766 exempla.
2275 1677 2661 1744 Hartmanus
2714 1679 2924 1742 affert:
2991 1674 3277 1757 χαλεπὸς
3322 1681 3693 1768 γνωσθῆναι
3739 1681 3821 1768 (Α
3843 1685 3999 1770 α1,)

581 1783 756 1870 ἄξιος
799 1787 1232 1856 πιστεύεσθαι
1275 1788 1357 1874 (Α
1377 1787 1572 1872 βδεῖ
1593 1786 1683 1874 7),
1751 1782 2353 1870 συμβουλεύσαντες
2398 1781 2872 1874 ἐπιτρεφθῆναι
2918 1781 3151 1871 (fys)
3206 1807 3350 1870 pro:
3416 1783 3704 1866 χαλεπὸς
3750 1791 4001 1872 γνῶναι,

580 1893 756 1976 ἄξιος
826 1891 1174 1975 πιστεύειν,
1244 1890 1848 1980 συμβουλεύσαντες
1901 1889 2274 1976 ἐπιτρέψαι.
2372 1889 2573 1957 Nimis
2620 1904 2857 1957 temere
2909 1891 3291 1957 Han-manus
3338 1895 3450 1959 has
3498 1899 4001 1963 constructiones

579 2027 698 2072 nec
741 2005 992 2070 Ionicas
1057 2023 1176 2068 nec
1223 2001 1472 2066 Atticas
1542 2019 1684 2065 esse
1758 2001 2103 2066 contendit.
2218 1996 2483 2087 Saepius
2554 1999 2804 2084 quidem
2860 2000 3017 2063 haec
3072 2001 3322 2064 nomina
3378 2001 3694 2067 adiectiva
3746 2013 3813 2069 et
3875 2006 4001 2070 alia

579 2112 805 2180 similia
849 2107 1148 2197 (ἕτοιμος,
1197 2101 1698 2194 δευνός,,ρᾴδιος
1742 2103 1854 2189 al.)
1887 2127 2026 2172 cum
2055 2107 2365 2172 infinitivo
2396 2107 2605 2172 activo
2638 2107 3113 2190 coniunguntur,
3162 2107 3278 2171 sed
3322 2107 3662 2174 infinitivus
3710 2113 3999 2196 passivus

580 2221 832 2286 minime
876 2217 1118 2282 alienus
1167 2223 1265 2280 est
1309 2232 1515 2298 neque
1547 2235 1585 2278 a
1615 2213 1867 2300 poetico
1899 2234 2104 2297 neque
2128 2236 2166 2278 a
2196 2214 2483 2300 pedestri
2515 2231 2825 2278 sermone.
2914 2211 3007 2276 Ut
3038 2221 3281 2277 taceam
3318 2215 3397 2278 de
3431 2215 3637 2280 multis
3670 2219 3997 2306 exemplis,

579 2347 742 2412 quae
787 2325 956 2412 apud
1001 2321 1341 2388 Homerum
1387 2321 1700 2404 leguntur,
1749 2319 1906 2385 haec
1955 2331 2194 2386 tantum
2240 2319 2455 2386 affero:
2510 2321 2705 2384 Arist.
2756 2339 2857 2402 eq.
2905 2316 3035 2383 595
3083 2309 3125 2384 δι’
3160 2313 3471 2400 ξύνισμεν
3506 2330 3712 2386 τοῖσιν
3750 2321 3998 2406 ἵπποις,

581 2427 982 2517 βουλόμεσθ’
1013 2425 1368 2492 ἐπαινέσαι·
1407 2421 1578 2502 ἄξιοι
1603 2428 1657 2490 δ’
1681 2421 1799 2490 εἴσ’
1823 2419 2261 2507 ειῖλογεῖσθαι.
2296 2425 2537 2490 Herod.
2565 2427 2627 2490 2.
2662 2427 2759 2491 10.
2783 2427 2824 2490 ἴ)
2849 2419 3069 2496 ου’δεὶς
3094 2417 3307 2490 aaran
3334 2421 3631 2514 πλήθεος
3654 2432 3803 2510 πέρι
3823 2425 3999 2508 ἄξιος

584 2535 1060 2622 συμβληθῆναί
1097 2530 1246 2598 ἐστι.
1291 2531 1611 2599 Herod.3.
1629 2533 1830 2599 1253
1855 2528 2010 2600 οὐδὲ
2038 2523 2131 2604 εἷς
2160 2533 2285 2597 τῶν
2320 2528 2549 2597 ἄλλων
2567 2527 2955 2615 Ἑλληνικῶν
2978 2526 3302 2609 τυράννων
3327 2528 3513 2608 ἄξιός
3534 2531 3675 2598 ἔστι
3708 2539 3999 2626 συμβλη-

579 2642 790 2728 θῆναι
819 2639 930 2727 (cf.
955 2639 1198 2706 Herod.
1221 2645 1286 2707 4.
1312 2641 1422 2706 42.
1447 2640 1540 2726 4).
1585 2639 1827 2706 Herod.
1865 2643 1926 2706 3.
1961 2641 2104 2707 145.
2137 2640 2217 2704 13
2243 2635 2559 2712 εὐπετέας
2582 2637 2994 2720 χειρωθῖναι.
3042 2637 3284 2705 Herod.
3314 2643 3370 2705 3.
3406 2639 3547 2705 120.
3594 2645 3671 2708 14
3719 2635 3999 2708 εὕπετέα

583 2747 996 2835 χειρωθῆναι.
1104 2746 1390 2834 Thucyd.
1464 2751 1520 2813 1.
1589 2747 1694 2813 76.
1761 2747 1803 2811 3
1865 2743 2285 2814 ἐπαινεῖσθαι
2354 2794 2369 2811 .
2418 2794 2436 2809 .
2487 2795 2502 2809 .
2551 2793 2569 2811 .
2616 2739 2783 2821 ἄξιοι
2914 2744 3108 2811 Isocr.
3176 2747 3273 2812 12.
3337 2747 3460 2813 156
3525 2747 3815 2837 ῥηθῆναι
3873 2743 3998 2817 ουίι

581 2846 632 2919 α’
635 2848 994 2937 σύμφορον.
1085 2856 1349 2942 Antiph.
1395 2856 1460 2922 5.
1505 2852 1592 2921 23
1637 2855 1836 2927 αἴτιος
1881 2837 1924 2942 ἢ
1969 2855 2373 2940 πεμφθῆναι
2415 2846 2697 2934 ἄγγελον.

901 2978 1204 3045 Maiorem
1250 2980 1680 3046 difficultatem
1733 2989 1918 3063 parat
1970 2981 2238 3045 aoristus
2279 2981 2566 3065 passivus
2604 2978 2785 3041 verbi
2818 2972 3258 3059 ἀπολογέομαι
3288 2989 3513 3063 quater
3543 2982 3609 3047 in
3640 2984 3993 3069 tetralogiis

587 3086 830 3167 obvius,
878 3107 1016 3152 cum
1059 3088 1127 3151 in
1181 3089 1414 3153 ceteris
1482 3088 1870 3153 orationibus
1941 3106 2193 3171 semper
2259 3086 2483 3150 eodem
2540 3104 2729 3149 sensu
2790 3085 3044 3151 mediali
3090 3084 3286 3151 forma
3330 3088 3493 3153 sicut
3538 3108 3753 3155 omnes
3799 3092 4002 3157 Attici

586 3194 930 3278 scriptores
961 3194 1287 3280 Antiphon
1317 3214 1467 3260 usus
1495 3196 1607 3277 sit;
1653 3216 1794 3259 nam
1827 3213 1988 3277 quae
2019 3193 2086 3257 in
2119 3193 2364 3257 Anecd.
2398 3191 2602 3257 Bekk.
2634 3189 2666 3255 1
2698 3213 2757 3276 p.
2792 3193 2877 3256 82
2910 3192 3199 3276 legimus:
3278 3188 3515 3268 Ἄλεξις
3551 3190 4003 3282 Ἅμπελουργῴ·
4061 3196 4074 3201 ”

585 3295 1086 3387 ἀπολογηθῆναι
1125 3321 1253 3366 non
1299 3302 1616 3367 sufficiunt
1660 3302 1741 3365 ad
1788 3320 2033 3366 omnem
2077 3299 2499 3385 suspicionem
2548 3298 2907 3364 tollendam.
3000 3296 3129 3363 Sed
3166 3300 3391 3365 similia
3421 3301 3609 3365 etiam
3640 3302 3809 3387 apud
3841 3301 3999 3367 alios

583 3403 928 3488 scriptores
972 3416 1336 3489 occurrunt3
1383 3406 1787 3493 Thucydides
1834 3416 1898 3473 et
1939 3407 2193 3492 passiva
2225 3414 2291 3470 et
2320 3405 2575 3470 mediali
2607 3406 2802 3470 forma
2830 3405 3011 3469 verbi
3046 3400 3396 3487 πειριίομ-αι
3426 3408 3623 3472 utitur
3654 3406 3996 3493 (Krueger,

584 3530 778 3594 giam.
824 3509 907 3577 11.
954 3510 996 3598 ξ
1039 3514 1174 3599 40).
1265 3515 1456 3599 Apud
1490 3514 1844 3581 Homerum
1889 3514 2155 3597 legimus
2202 3514 2569 3597 saepissime
2615 3512 2913 3577 aeristum
2960 3512 3279 3596 passivum
3328 3514 3505 3579 verbi
3548 3516 3805 3595 τέρπειν
3814 3538 3837 3593 ,·
3883 3516 3996 3580 sed

587 3616 776 3681 etiam
843 3620 1132 3685 medialis
1198 3620 1395 3687 forma
1461 3622 1685 3687 eodem
1751 3640 1939 3687 sensu
2008 3620 2304 3686 occurrit.
2420 3617 2645 3701 Neque
2693 3630 2820 3685 tam
2864 3620 3081 3685 mirum
3128 3627 3244 3699 est,
3316 3621 3487 3703 quod
3529 3622 3597 3685 in
3643 3620 3997 3706 tetralogiis

587 3742 840 3808 semper
925 3728 1178 3809 passiva
1266 3728 1481 3809 forma,
1572 3729 1636 3795 in
1727 3727 1945 3810 quinta
2034 3736 2100 3791 et
2190 3740 2373 3793 sexta
2462 3746 2713 3811 semper
2790 3726 3075 3792 medialis
3154 3724 3677 3811 ἀπελογησάμην
3767 3738 3996 3794 exstat.

587 3828 816 3894 Forma
891 3833 1177 3899 medialis
1249 3835 1420 3919 apud
1493 3854 1606 3903 eos
1681 3835 2045 3919 scriptores,
2136 3834 2243 3916 qui
2320 3842 2469 3899 ante
2542 3833 3005 3917 Antiphontem
3078 3831 3345 3914 suerunt,
3433 3834 3497 3898 ni
3572 3832 3779 3915 fallor,
3856 3856 3999 3901 nus-

586 3956 770 4018 quam
817 3940 1110 4005 occurrit.
1200 3941 1528 4027 Antiphon
1560 3941 1796 4027 primus
1823 3941 2124 4007 aoristum
2153 3939 2333 4005 huius
2380 3940 2559 4004 verbi
2604 3940 2891 4005 adhibuit
2934 3960 3197 4023 eumque
3242 3939 3352 4019 ita,
3401 3948 3471 4004 ut
3515 3940 3582 4003 in
3614 3942 4001 4025 tetralogiis,

587 4062 750 4125 quae
795 4042 1078 4127 pluribus
1123 4047 1302 4112 annis
1349 4055 1498 4112 ante
1550 4068 1734 4131 quam
1809 4054 2054 4112 ceteras
2115 4048 2433 4112 orationes
2495 4048 2863 4131 composuit,
2912 4046 3228 4132 passivam
3292 4044 3567 4127 formam,
3628 4048 3695 4112 in
3760 4051 3991 4115 ceteris
4112 4068 4115 4072 ’

589 4149 981 4217 orationibus
1027 4152 1358 4221 medialem
1405 4162 1758 4240 usurparet,
1802 4175 1925 4236 qua
1971 4153 2104 4219 sola
2147 4162 2297 4240 post
2341 4175 2479 4221 eum
2526 4154 2727 4218 Attici
2768 4154 3115 4237 scriptores
3162 4160 3434 4219 utuntur.

906 4276 1086 4345 Haec
1133 4287 1318 4345 erant
1355 4279 1565 4345 omnia
1617 4298 1780 4362 quae
1823 4276 2295 4345 Herwerdenus
2348 4286 2417 4343 et
2460 4276 2844 4343 Hartmanus
2904 4278 3195 4356 ,labentis
3244 4276 3649 4343 Graecitatis‘
3726 4280 3997 4362 vestigia

588 4402 670 4446 ex
715 4383 1064 4467 tetralogiis
1107 4385 1474 4451 attulerunt.
1568 4384 2018 4469 Dittenberger
2062 4393 2272 4475 autem
2317 4384 2508 4455 etiam
2550 4384 2617 4449 in
2664 4404 2761 4465 eo,
2808 4384 2977 4467 quod
3022 4380 3174 4451 οὐδὲ
3218 4381 3345 4471 μὴν
3392 4384 3629 4468 legitur
3667 4390 3755 4463 Ay
3803 4387 3845 4450 5
3890 4385 3999 4449 fal-

587 4488 816 4555 sarium
881 4490 1272 4577 deprehendi
1340 4500 1522 4577 putat
1573 4490 1823 4578 (Herm.
1875 4492 2000 4559 vol.
2041 4488 2230 4557 XVI.
2277 4512 2341 4576 p.
2390 4490 2521 4559 329
2589 4490 2759 4558 adn:
2850 4486 3017 4579 Μήν
3085 4491 3325 4561 kommt
3366 4492 3545 4557 nicht
3598 4512 3711 4557 vor
3754 4492 3819 4556 in
3866 4492 3993 4557 den

589 4596 818 4663 echten
861 4594 1088 4663 Reden
1125 4598 1246 4664 ,des
1290 4598 1685 4682 Andocides;
1752 4600 1820 4665 in
1869 4598 2078 4665 denen
2130 4598 2244 4665 des
2290 4598 2617 4683 Antiphon
2660 4597 2935 4677 ffinfmal,
2992 4598 3125 4665 und
3168 4618 3333 4666 zwar
3376 4599 3457 4665 im
3505 4598 3992 4663 unmittelbaren

589 4702 936 4769 Anschluss
980 4726 1060 4771 an
1107 4702 1219 4769 καὶ
1264 4706 1392 4773 und
1437 4698 1522 4771 ου’
1567 4754 1584 4771 .
1633 4754 1650 4771 .
1697 4706 1820 4773 Die
1863 4704 2174 4775 Falscher·
2209 4704 2420 4771 haben
2466 4704 2581 4771 des
2626 4706 2939 4793 natfirlich
2982 4705 3160 4771 nicht
3202 4711 3499 4789 gewusst,
3557 4703 3687 4769 und
3730 4724 3805 4769 so
3846 4704 3999 4771 liest

589 4830 732 4873 man
775 4810 842 4881 iu
889 4810 1012 4877 den
1043 4810 1454 4897 Tetralogien
1497 4808 1651 4878 οὐδὲ
1695 4809 1830 4899 μήν
1869 4811 1936 4895 (y
1957 4810 2042 4879 ΙΙ.
2061 4810 2156 4898 5),
2199 4812 2270 4879 in
2294 4810 2901 4879 Pseudoandokides
2930 4812 3066 4877 κατ’
3100 4805 3798 4896 Ἀλκιβιάδου-τνοίωιιὶ
3828 4803 3999 4877 ἀλλὰ

567 4920 572 4923 ’
589 4908 726 4999 μήν
755 4913 827 5001 (ξ
881 4917 982 4986 15.
1029 4919 1165 5004 34).
1241 4918 1602 4987 Particulae
1627 4915 1761 5006 μήν
1784 4938 1932 4985 usus
1955 4940 2083 4987 non
2103 4918 2234 4987 late
2253 4925 2439 5003 petet
2456 4920 2629 5005 apud
2656 4918 3043 5001 antiquiores
3072 4919 3417 5003 scriptores
3448 4918 3717 4985 Atticos.
3788 4916 3921 4983 Sed
3942 4919 3999 4984 si

590 5025 920 5112 Antiphon
931 5027 1262 5113 quinquies
1294 5024 1402 5091 καὶ
1443 5021 1572 5108 μὴν
1601 5027 1884 5093 scribere
1913 5026 2138 5112 potuit,
2193 5026 2260 5091 in
2314 5046 2392 5091 eo
2446 5025 2612 5109 quod
2660 5020 2815 5091 οὐδὲ
2864 5019 3001 5110 μήν
3054 5024 3253 5091 semel
3290 5025 3357 5089 in
3382 5024 3735 5109 tetralogiis
3762 5024 3999 5091 inveni·
