4559 5560
2037 491 2439 551 ...γ-.-

513 698 568 768 1.
615 699 678 780 2,
739 698 788 766 2
832 709 900 766 et
942 698 1035 764 111.
1105 704 1164 766 1.
1219 697 1284 766 3.
1333 699 1369 764 7
1419 697 1501 764 al.
1549 718 1722 764 more
1765 698 2141 766 Herodoteo
2186 699 2569 767 καταδοκεῖν
2632 707 2998 784 usurpatum
3042 719 3159 784 pro
3202 693 3623 780 ύποπτεύευν,
3690 697 3741 766 Ι.
3786 697 3847 780 2,
3900 705 3939 766 7

517 800 1154 888 α’ναγιγνωσκόμενον
1227 825 1346 891 pro
1421 799 1958 887 ἀναπειθόμενοι)
2033 815 2102 871 et
2169 804 2220 868 1.
2279 803 2345 868 3.
2405 805 2438 867 1
2497 799 2960 888 πειρασόμεθα
3033 799 3401 884 ἐλέγχοντες
3470 825 3588 890 pro
3632 799 3951 885 ἔλέγχεωις

516 910 566 978 1.
617 912 679 980 2.
726 913 768 982 3
815 921 884 978 et
929 911 990 994 8,
1039 910 1072 975 Ι
1117 912 1182 976 3.
1206 909 1271 994 5,
1318 907 1351 976 1
1393 910 1456 978 4.
1481 915 1528 980 4
1557 909 1713 977 alibi
1756 913 2244 999 comparativum
2271 906 2627 997 εἰκότερον,
2672 909 2847 995 cuius
2891 911 3151 981 absurdi
3194 930 3343 978 usus
3388 911 3610 989 mirum
3656 931 3782 978 non
3836 920 3946 978 est

514 1039 722 1102 neque
788 1018 956 1104 apud
1023 1037 1240 1084 verum
1293 1018 1748 1104 Antiphontem
1814 1040 2020 1103 neque
2086 1018 2257 1104 apud
2323 1018 2514 1083 ulium
2580 1016 2954 1102 scriptorem
3020 1019 3345 1102 antiquum
3407 1017 3601 1086 ullum
3666 1020 3937 1106 reperiri

516 1125 891 1211 exemplum,
963 1123 1057 1190 111.
1119 1123 1182 1208 3,
1253 1124 1294 1190 8
1363 1132 1432 1190 et
1483 1124 1640 1190 alibi
1706 1121 2254 1209 καταλαμβάνειν.
2298 1123 2647 1190 adhibitum
2714 1143 2831 1209 pro
2900 1123 3507 1210 καταψηφίζεσθαι,
3576 1124 3625 1202 1,
3670 1127 3731 1192 3.
3790 1129 3817 1190 1
3871 1135 3939 1193 et

515 1233 608 1298 Ill.
657 1234 719 1300 3.
772 1233 802 1296 1
854 1225 1255 1322 α’πελογήθη
1303 1250 1421 1317 pro
1465 1223 1944 1316 ἀπελογήσατο,
1991 1231 2161 1314 quod
2207 1239 2308 1320 est
2336 1228 2725 1316 Polybianae
2770 1229 2812 1295 i.
2847 1251 2905 1295 e.
2950 1230 3223 1296 labentis
3254 1229 3707 1320 Graecitatis.“
3802 1233 3943 1316 His,

519 1360 680 1423 quae
735 1341 1057 1424 congessit
1101 1337 1592 1420 Herwerdenus‚
1659 1335 1984 1402 vocabulis
2029 1336 2419 1404 Herodoteis
2465 1337 2851 1402 Hartmanus
2906 1337 3030 1404 duo
3075 1336 3324 1402 addidit
3367 1359 3428 1423 p.
3476 1337 3590 1403 38:
3656 1333 3952 1412 εύπετῶς

519 1449 584 1509 Β
631 1446 670 1510 δ
717 1447 776 1527 7,
824 1441 1269 1528 ἆκεσαμένονς
1315 1445 1411 1525 Γγ
1457 1445 1517 1510 7.
1613 1442 1742 1509 Sed
1787 1444 2034 1510 etiamsi
2077 1443 2192 1508 illa
2235 1444 2565 1526 vocabula,
2614 1464 2777 1527 quae
2820 1444 3088 1524 afferunt
3130 1441 3601 1510 Herwerdenus
3648 1455 3717 1513 et
3761 1447 3949 1512 Hart-

519 1573 756 1638 manus‚
805 1553 974 1637 apud
997 1571 1108 1617 eos
1131 1553 1476 1638 scriptores
1503 1551 1774 1632 Atticos,
1821 1551 1928 1634 qui
1951 1557 2099 1637 post
2123 1549 2581 1638 Antiphontem
2628 1549 2898 1631 fuerunt,
2944 1571 3071 1616 non
3117 1557 3391 1636 exstant,
3436 1545 3587 1620 inde
3631 1573 3757 1618 non
3805 1574 3947 1620 con-

524 1660 900 1726 cludendum
929 1667 1028 1725 est
1057 1659 1427 1744 teti-alogias
1459 1658 1828 1724 subditicias
1858 1658 2184 1723 habendas
2217 1679 2381 1724 esse.
2472 1655 2635 1724 Nam
2662 1658 2788 1726 iam
2816 1657 2957 1745 ipse
2986 1655 3371 1724 Hartmanus
3400 1667 3579 1724 recte
3600 1659 3752 1726 mihi
3774 1659 3946 1725 vide-

523 1775 626 1832 tur
672 1768 886 1832 dicere
932 1767 1000 1831 in
1051 1764 1486 1849 antiquissimo
1555 1764 1860 1831 sermonis
1918 1764 2236 1851 pedestris
2290 1773 2662 1850 argumento
2711 1764 2847 1830 sola
2892 1761 3202 1833 vocabula
3244 1761 3466 1830 Ionica
3508 1773 3698 1850 atque
3746 1766 3947 1833 elocu-

521 1873 749 1954 tiones,
813 1893 976 1956 quae
1026 1872 1344 1958 poeticum
1391 1865 1666 1936 colorem
1713 1871 1968 1953 habent,
2014 1891 2142 1939 non
2188 1883 2431 1937 tantum
2475 1871 2711 1954 valere,
2758 1881 2829 1938 ut
2873 1879 3215 1954 propterea
3260 1870 3750 1938 declamationes
3796 1873 3946 1938 illae

523 1981 776 2066 spuriae
800 1979 1167 2047 habeantur.
1213 1975 1904 2064 QuoniamAntiphonti
1921 1979 2113 2064 plane
2135 1998 2336 2044 novus
2361 1997 2565 2044 sermo
2580 1977 2911 2063 fingendus
2936 1985 3095 2060 erat,
3121 1975 3203 2042 ad
3218 1985 3445 2066 poetas
3460 1978 3618 2044 etad
3632 1980 3948 2064 pedestris

522 2087 823 2153 orationis
869 2085 1164 2171 exempla
1208 2085 1492 2170 confugit
1536 2093 1605 2150 et
1648 2086 1729 2149 ab
1775 2084 2053 2168 Ionibus,
2097 2085 2405 2172 imprimis
2451 2086 2533 2150 ab
2582 2083 2914 2150 Herodoto
2960 2121 3048 2131 -—
3094 2084 3219 2149 alia
3274 2082 3593 2171 pedestris
3649 2088 3951 2152 orationis

520 2193 812 2279 exempla
856 2215 982 2258 non
1029 2201 1212 2258 eraut
1259 2228 1343 2239 —
1390 2191 1691 2258 nonnulla
1737 2192 2103 2277 desumpsit.
2197 2189 2515 2257 Herodoti
2561 2200 2769 2258 autem
2816 2212 2994 2278 opus,
3044 2191 3220 2257 cuius
3264 2193 3467 2278 prima
3497 2213 3647 2278 pars
3670 2195 3942 2259 Athenis

523 2301 679 2386 ipsis
725 2299 1052 2366 elaborata
1097 2319 1238 2365 esse
1283 2297 1558 2380 videtur,
1605 2299 1718 2363 illa
1761 2306 1974 2364 aetate
2020 2295 2520 2364 Atheniensibus
2568 2307 2783 2364 notum
2827 2297 3022 2363 fuisse
3072 2297 3228 2364 satis
3274 2307 3545 2366 constat.

842 2423 972 2490 Sed
1016 2425 1230 2506 multa,
1276 2445 1440 2508 quae
1485 2425 1567 2489 ab
1613 2423 2053 2490 Herwerdeno
2095 2423 2347 2508 prolata
2390 2432 2555 2507 sunt,
2600 2425 2797 2490 etiam
2839 2423 3028 2490 aliter
3070 2423 3331 2490 refutari
3376 2432 3662 2510 possunt.

841 2549 987 2617 Non
1033 2550 1201 2614 enim
1245 2569 1462 2614 verum
1507 2557 1608 2614 est
1649 2546 1764 2614 illa
1807 2548 2115 2616 vocabula
2159 2569 2289 2614 non
2330 2548 2599 2614 inveniri
2628 2548 2753 2614 nisi
2780 2549 2951 2634 apud
2982 2547 3398 2618 Herodotum.
3468 2547 3950 2614 Καταδοκεύειν

521 2677 639 2744 pro
685 2651 1081 2722 ὑποπτεύειν
1125 2664 1382 2741 praeter
1411 2655 1806 2723 Herodotum
1852 2655 2043 2720 etiam
2069 2655 2412 2741 Dionysius
2443 2653 2592 2720 Hal.
2626 2655 2970 2741 usurpavit,
3016 2675 3205 2738 quem
3234 2655 3431 2722 multa
3458 2675 3543 2730 ex
3570 2653 3947 2740 Thucydide

523 2773 590 2830 et
635 2763 1030 2850 Antiphonte
1077 2763 1502 2852 desumpsisse
1548 2771 1822 2829 constat.

835 2883 1342 2971 Ἀναγιγνώσκειν
1412 2887 1599 2975 (2β7)
1667 2889 1784 2954 sub
1852 2888 2110 2953 notione
2175 2886 2355 2951 verbi
2400 2887 2667 2951 πείθειν
2708 2906 2835 2952 11011
2880 2886 3083 2953 solum
3128 2887 3298 2973 apud
3341 2886 3758 2969 Herodotum,
3830 2888 3948 2953 sed

525 2998 714 3061 etiam
759 2996 930 3081 apud
975 2994 1224 3060 Isaeum
1270 3003 1503 3061 exstat.

846 3118 1221 3203 Πειρᾶσθαι
1288 3140 1426 3185 cum
1493 3120 1833 3206 participio
1902 3120 2321 3201 coniunctum,
2392 3119 2515 3185 etsi
2572 3117 2841 3205 plurima
2892 3118 3076 3185 huius
3122 3118 3609 3186 constructionis
3654 3118 3950 3206 exempla

525 3226 694 3313 apud
737 3224 1132 3291 Herodotum
1179 3226 1492 3311 leguntur,
1539 3232 1751 3292 tamen
1795 3226 1986 3292 etiam
2030 3225 2202 3311 apud
2246 3226 2503 3292 Atticos
2546 3226 2797 3312 saepius
2841 3226 3186 3311 reperitur:
3231 3225 3400 3292 Plat.
3445 3225 3716 3291 Theaet.
3762 3226 3953 3292 19οΕ

523 3326 645 3399 οὔκ
733 3326 860 3417 ἐρῶ
949 3347 1052 3397 σοι
1141 3330 1298 3417 πρὶν
1389 3326 1466 3397 ἂν
1540 3334 1868 3419 πανταχῇ
1918 3332 2226 3414 πειραθῶ
2294 3334 2579 3401 σκοπῶν.
2701 3332 2867 3399 Phil.
2944 3335 3051 3399 21.
3116 3338 3171 3397 A
3228 3328 3301 3397 ἐν
3376 3331 3481 3399 σοὶ
3556 3328 3948 3445 πειρώμεθα

522 3438 976 3520 βασανίζοντες
1021 3439 1240 3503 ταῦτα.

842 3561 1254 3648 Participium
1297 3564 1476 3629 verbi
1519 3559 1796 3647 ἔρχομαι
1838 3563 2008 3649 apud
2039 3562 2385 3629 Homerum
2429 3571 2499 3629 et
2540 3563 2711 3649 apud
2754 3572 2981 3649 poetas
3010 3564 3264 3630 Atticos
3304 3564 3655 3630 sescenties
3684 3562 3942 3649 legitur.

523 3666 727 3733 Efiam
793 3670 862 3733 in
926 3670 1212 3755 pedestri
1279 3672 1564 3737 oratione
1633 3670 1977 3756 scriptores
2023 3670 2223 3736 Attici
2291 3670 2397 3736 hic
2462 3668 2598 3735 illic
2641 3688 2721 3737 ea
2762 3670 2962 3737 forma
3004 3671 3103 3737 'usi
3146 3677 3320 3737 suntt
3400 3668 3629 3756 (Xon.)
3678 3670 3759 3735 de
3804 3690 3945 3757 rep.

522 3776 756 3841 Athen.
798 3774 867 3839 ll.
921 3780 1024 3843 14.
1069 3778 1190 3841 νῦν
1236 3825 1250 3840 .
1299 3824 1318 3840 .
1366 3824 1382 3840 .
1430 3776 1496 3843 οἱ
1539 3778 1963 3861 γεωργοῦντες
2009 3773 2119 3841 καὶ
2165 3777 2230 3839 οῖ
2259 3770 2567 3845 πλούσιοι
2597 3768 2954 3865 Ἀθηναίων
2982 3772 3377 3861 ύπέρχονιαι
3403 3770 3553 3849 τούς
3582 3775 3946 3861 πολεμίους

521 3878 796 3962 μᾶλλον,
861 3876 900 3945 ὅ
945 3878 1018 3947 δὲ
1063 3883 1286 3969 δῆμος,
1331 3876 1444 3951 ἅτε
1486 3866 1570 3951 εὖ
1613 3878 1801 3957 εἰδώς
1845 3878 1944 3949 ὅτι
1985 3878 2176 3950 ούδέν
2237 3882 2369 3950 τῶν
2432 3884 2625 3968 σφῶν
2679 3878 3121 3971 ἐμπρήσουσιν
3164 3876 3325 3947 ου’δέ
3366 3883 3691 3966 τεμοῦσνν,
3740 3876 3947 3955 ἅδεῶς

523 3986 603 4074 ζῆ
661 3986 776 4053 καὶ
837 3981 964 4071 οὐχ
1027 3986 1476 4074 ὑπερχόμενος
1539 3985 1793 4064 αύτούς.
1904 3989 2069 4055 Plat.
2117 3989 2289 4055 Krit.
2336 3988 2445 4057 53.
2492 3990 2569 4055 E.
2636 3986 3079 4074 ὑπερχόμενος
3144 4038 3161 4053 .
3210 4039 3226 4055 .
3276 4038 3292 4053 .
3338 4037 3358 4055 .
3416 3984 3640 4074 βιώσει
3697 3985 3946 4064 πάντας

523 4086 923 4178 α’νθρῶπονς
969 4092 1079 4159 καὶ
1125 4093 1472 4163 δουλεύων.

840 4216 1025 4295 Quod
1120 4221 1188 4285 in
1283 4222 1636 4308 tetralogiis
1734 4220 1995 4287 verbum
2105 4214 2623 4305 καταλαμβάνειν
2728 4220 2843 4286 sub
2950 4220 3209 4287 notione
3322 4220 3783 4289 condemnandi
3875 4229 3946 4286 et

523 4326 984 4411 comparativus
1027 4322 1365 4411 εἶκότερον
1386 4329 1702 4414 leguntur,
1749 4330 1872 4395 hoc
1913 4336 2345 4414 argumentum
2396 4326 2555 4392 nihil
2596 4324 2773 4393 valet
2792 4327 2974 4394 adid
3002 4328 3557 4395 demonstrandum
3586 4327 3757 4411 quod
3783 4327 3948 4393 Her-

523 4433 856 4499 πει-(10111111
883 4432 1022 4499 vult
1065 4434 1435 4521 tetralogias
1477 4436 1724 4503 recenti
1768 4444 1982 4502 aetate
2025 4436 2108 4502 ab
2153 4435 2406 4501 homine
2426 4434 2630 4501 Attici
2650 4433 2957 4500 sermonis
2985 4454 3115 4502 non
3136 4438 3347 4522 perito
3368 4456 3513 4503 esse
3536 4434 3939 4521 compositas.
4004 4450 4009 4455 ’

523 4538 707 4605 Haec
738 4540 903 4605 enim
951 4540 1075 4607 duo
1119 4542 1429 4608 vocabula
1449 4544 1621 4630 apud
1675 4542 1916 4608 nullum
1961 4542 2150 4607 alium
2195 4542 2572 4627 scriptorem
2592 4560 2800 4625 neque
2822 4548 2971 4607 ante
2994 4544 3407 4630 Antiphontis
3429 4550 3708 4609 aetatem
3730 4560 3941 4626 neque

521 4655 674 4732 post·
709 4647 1130 4733 reperiuntur.
1221 4648 1316 4715 Ut
1367 4657 1578 4717 autem
1629 4650 1808 4715 notio
1851 4648 2032 4715 verbi
2076 4642 2399 4713 &mmm
2444 4647 2779 4735 (liberare)
2823 4648 2993 4735 apud
3036 4658 3323 4716 oratores
3368 4650 3623 4717 Atticos
3671 4649 3835 4715 abiit
3876 4649 3945 4714 in

523 4754 841 4821 notionem
905 4752 1302 4839 absolvendi,
1369 4756 1462 4821 itu
1527 4750 2051 4842 καταλαμβάνειν
2114 4754 2395 4839 verbum,
2464 4756 2635 4840 quod
2701 4757 3079 4823 contr-ariam
3142 4756 3339 4823 habet
3398 4754 3941 4843 significationem,

521 4858 818 4926 facillime
859 4862 1207 4949 Antiphon,
1273 4864 1647 4949 pracsertim
1713 4880 1855 4929 cum
1919 4862 2160 4949 primm
2211 4856 2605 4929 orationibus
2648 4862 3002 4931 scribendis
3045 4882 3305 4949 operm
3362 4870 3645 4946 navaret,
3704 4862 3945 4929 eodem

519 4986 719 5033 sensu
751 4988 878 5051 quo
917 4970 1308 5054 posteriores
1360 4970 1826 5053 καταδικάζειν,
1885 4965 2424 5051 merore-donem
2462 4970 2675 5036 -verba
2716 4990 3021 5057 usurpare
3062 4971 3291 5057 potuit·
3414 4966 3486 5037 Si
3538 4970 3645 5036 alii
3692 4969 3941 5037 cuidam

521 5073 740 5157 ignoto
783 5074 1038 5158 homini,
1085 5096 1126 5140 a
1169 5096 1294 5158 quo
1339 5074 1808 5150 Herwerdenus
1853 5076 2226 5162 tetralogias
2257 5076 2531 5163 scriptus
2561 5096 2705 5145 csse
2734 5076 2859 5143 sibi
2885 5078 3221 5163 persuasit,
3267 5096 3465 5145 novus
3508 5077 3737 5145 formas
3767 5074 3945 5141 velut
